
@article{weinberger1987,
	title = {Implications of normal brain development for the pathogenesis of schizophrenia},
	author = {Weinberger, D. R.},
	year = {1987},
	month = {07},
	date = {1987-07},
	journal = {Archives of General Psychiatry},
	pages = {660--669},
	volume = {44},
	number = {7},
	doi = {10.1001/archpsyc.1987.01800190080012},
	note = {PMID: 3606332},
	langid = {eng}
}

@article{lipska1993,
	title = {Delayed effects of neonatal hippocampal damage on haloperidol-induced catalepsy and apomorphine-induced stereotypic behaviors in the rat},
	author = {Lipska, B. K. and Weinberger, D. R.},
	year = {1993},
	month = {10},
	date = {1993-10-15},
	journal = {Brain Research. Developmental Brain Research},
	pages = {213--222},
	volume = {75},
	number = {2},
	doi = {10.1016/0165-3806(93)90026-7},
	note = {PMID: 7903225},
	langid = {eng}
}

@article{piontkewitz2012,
	title = {Tracing the development of psychosis and its prevention: what can be learned from animal models},
	author = {Piontkewitz, Yael and Arad, Michal and Weiner, Ina},
	year = {2012},
	month = {03},
	date = {2012-03},
	journal = {Neuropharmacology},
	pages = {1273--1289},
	volume = {62},
	number = {3},
	doi = {10.1016/j.neuropharm.2011.04.019},
	note = {PMID: 21703648},
	langid = {eng}
}

@article{talamini1998,
	title = {Methylazoxymethanol acetate-induced abnormalities in the entorhinal cortex of the rat; parallels with morphological findings in schizophrenia},
	author = {Talamini, L. M. and Koch, T. and Ter Horst, G. J. and Korf, J.},
	year = {1998},
	month = {04},
	date = {1998-04-13},
	journal = {Brain Research},
	pages = {293--306},
	volume = {789},
	number = {2},
	doi = {10.1016/s0006-8993(98)00020-1},
	note = {PMID: 9573386},
	langid = {eng}
}

@article{cattabeni1997,
	title = {Developmental models of brain dysfunctions induced by targeted cellular ablations with methylazoxymethanol},
	author = {Cattabeni, F. and Di Luca, M.},
	year = {1997},
	month = {01},
	date = {1997-01},
	journal = {Physiological Reviews},
	pages = {199--215},
	volume = {77},
	number = {1},
	doi = {10.1152/physrev.1997.77.1.199},
	note = {PMID: 9016302},
	langid = {eng}
}

@article{moore2006,
	title = {A neurobehavioral systems analysis of adult rats exposed to methylazoxymethanol acetate on E17: implications for the neuropathology of schizophrenia},
	author = {Moore, Holly and Jentsch, J. David and Ghajarnia, Mehdi and Geyer, Mark A. and Grace, Anthony A.},
	year = {2006},
	month = {08},
	date = {2006-08-01},
	journal = {Biological Psychiatry},
	pages = {253--264},
	volume = {60},
	number = {3},
	doi = {10.1016/j.biopsych.2006.01.003},
	note = {PMID: 16581031
PMCID: PMC3396156},
	langid = {eng}
}

@article{geyer1993,
	title = {Isolation rearing of rats produces a deficit in prepulse inhibition of acoustic startle similar to that in schizophrenia},
	author = {Geyer, M. A. and Wilkinson, L. S. and Humby, T. and Robbins, T. W.},
	year = {1993},
	month = {09},
	date = {1993-09-15},
	journal = {Biological Psychiatry},
	pages = {361--372},
	volume = {34},
	number = {6},
	doi = {10.1016/0006-3223(93)90180-l},
	note = {PMID: 8218603},
	langid = {eng}
}

@article{bakshi1998,
	title = {Reversal of isolation rearing-induced deficits in prepulse inhibition by Seroquel and olanzapine},
	author = {Bakshi, V. P. and Swerdlow, N. R. and Braff, D. L. and Geyer, M. A.},
	year = {1998},
	month = {03},
	date = {1998-03-15},
	journal = {Biological Psychiatry},
	pages = {436--445},
	volume = {43},
	number = {6},
	doi = {10.1016/s0006-3223(97)00246-1},
	note = {PMID: 9532349},
	langid = {eng}
}

@article{wilkinson1994,
	title = {Social isolation in the rat produces developmentally specific deficits in prepulse inhibition of the acoustic startle response without disrupting latent inhibition},
	author = {Wilkinson, L. S. and Killcross, S. S. and Humby, T. and Hall, F. S. and Geyer, M. A. and Robbins, T. W.},
	year = {1994},
	month = {02},
	date = {1994-02},
	journal = {Neuropsychopharmacology: Official Publication of the American College of Neuropsychopharmacology},
	pages = {61--72},
	volume = {10},
	number = {1},
	doi = {10.1038/npp.1994.8},
	note = {PMID: 8179795},
	langid = {eng}
}

@article{varty1998,
	title = {Effects of isolation rearing on startle reactivity, habituation, and prepulse inhibition in male Lewis, Sprague-Dawley, and Fischer F344 rats},
	author = {Varty, G. B. and Geyer, M. A.},
	year = {1998},
	month = {12},
	date = {1998-12},
	journal = {Behavioral Neuroscience},
	pages = {1450--1457},
	volume = {112},
	number = {6},
	doi = {10.1037//0735-7044.112.6.1450},
	note = {PMID: 9926827},
	langid = {eng}
}

@article{famitafreshi2018,
	title = {Social Isolation Rearing Induces Neuropsychiatric Diseases: Updated Overview},
	author = {Famitafreshi, Hamidreza and Karimian, Morteza},
	year = {2018},
	date = {2018},
	journal = {Complex Psychiatry},
	pages = {190--195},
	volume = {4},
	number = {4},
	doi = {10.1159/000495659},
	url = {https://www.karger.com/Article/FullText/495659},
	langid = {en}
}

@article{jenkins2013,
	title = {Perinatal complications and schizophrenia: involvement of the immune system},
	author = {Jenkins, Trisha A.},
	year = {2013},
	date = {2013},
	journal = {Frontiers in Neuroscience},
	volume = {7},
	doi = {10.3389/fnins.2013.00110},
	url = {http://journal.frontiersin.org/article/10.3389/fnins.2013.00110/abstract}
}

@article{boksa2010,
	title = {Effects of prenatal infection on brain development and behavior: A review of findings from animal models},
	author = {Boksa, Patricia},
	year = {2010},
	month = {08},
	date = {2010-08},
	journal = {Brain, Behavior, and Immunity},
	pages = {881--897},
	volume = {24},
	number = {6},
	doi = {10.1016/j.bbi.2010.03.005},
	url = {https://linkinghub.elsevier.com/retrieve/pii/S0889159110000589},
	langid = {en}
}

@article{fortier2004,
	title = {Maternal exposure to bacterial endotoxin during pregnancy enhances amphetamine-induced locomotion and startle responses in adult rat offspring},
	author = {Fortier, {Marie-Ève} and Joober, Ridha and Luheshi, Giamal N and Boksa, Patricia},
	year = {2004},
	month = {05},
	date = {2004-05},
	journal = {Journal of Psychiatric Research},
	pages = {335--345},
	volume = {38},
	number = {3},
	doi = {10.1016/j.jpsychires.2003.10.001},
	url = {https://linkinghub.elsevier.com/retrieve/pii/S0022395603001353},
	langid = {en}
}

@article{cui2009,
	title = {Effects of prenatal immune activation on hippocampal neurogenesis in the rat},
	author = {Cui, Ke and Ashdown, Helen and Luheshi, Giamal N. and Boksa, Patricia},
	year = {2009},
	month = {09},
	date = {2009-09},
	journal = {Schizophrenia Research},
	pages = {288--297},
	volume = {113},
	number = {2-3},
	doi = {10.1016/j.schres.2009.05.003},
	url = {https://linkinghub.elsevier.com/retrieve/pii/S0920996409002187},
	langid = {en}
}

@article{romero2010,
	title = {Ontogeny of sensorimotor gating and immune impairment induced by prenatal immune challenge in rats: implications for the etiopathology of schizophrenia},
	author = {Romero, E. and Guaza, C. and Castellano, B. and Borrell, J.},
	year = {2010},
	month = {04},
	date = {2010-04},
	journal = {Molecular Psychiatry},
	pages = {372--383},
	volume = {15},
	number = {4},
	doi = {10.1038/mp.2008.44},
	note = {PMID: 18414405},
	langid = {eng}
}

@article{harvey2014,
	title = {Do prenatal immune activation and maternal iron deficiency interact to affect neurodevelopment and early behavior in rat offspring?},
	author = {Harvey, Louise and Boksa, Patricia},
	year = {2014},
	month = {01},
	date = {2014-01},
	journal = {Brain, Behavior, and Immunity},
	pages = {144--154},
	volume = {35},
	doi = {10.1016/j.bbi.2013.09.009},
	note = {PMID: 24064370},
	langid = {eng}
}

@article{adamson1969,
	title = {Pharmacology of polyriboinosinic: polyribocytidylic acid, a new antiviral and antitumor agent},
	author = {Adamson, R. H. and Fabro, S. and Homan, E. R. and {O'Gara}, R. W. and Zendzian, R. P.},
	year = {1969},
	date = {1969},
	journal = {Antimicrobial Agents and Chemotherapy},
	pages = {148--152},
	volume = {9},
	note = {PMID: 4990370},
	langid = {eng}
}

@article{levy1969,
	title = {Inhibition of tumor growth by polyinosinic-polycytidylic acid},
	author = {Levy, H. B. and Law, L. W. and Rabson, A. S.},
	year = {1969},
	month = {02},
	date = {1969-02},
	journal = {Proceedings of the National Academy of Sciences of the United States of America},
	pages = {357--361},
	volume = {62},
	number = {2},
	doi = {10.1073/pnas.62.2.357},
	note = {PMID: 4894326
PMCID: PMC277799},
	langid = {eng}
}

@article{caskey2011,
	title = {Synthetic double-stranded RNA induces innate immune responses similar to a live viral vaccine in humans},
	author = {Caskey, Marina and Lefebvre, {François} and Filali-Mouhim, Abdelali and Cameron, Mark J. and Goulet, Jean-Philippe and Haddad, Elias K. and Breton, {Gaëlle} and Trumpfheller, Christine and Pollak, Sarah and Shimeliovich, Irina and Duque-Alarcon, Angela and Pan, Li and Nelkenbaum, Annette and Salazar, Andres M. and Schlesinger, Sarah J. and Steinman, Ralph M. and {Sékaly}, Rafick P.},
	year = {2011},
	month = {11},
	date = {2011-11-21},
	journal = {The Journal of Experimental Medicine},
	pages = {2357--2366},
	volume = {208},
	number = {12},
	doi = {10.1084/jem.20111171},
	note = {PMID: 22065672
PMCID: PMC3256967},
	langid = {eng}
}

@article{meyer2005,
	title = {Towards an immuno-precipitated neurodevelopmental animal model of schizophrenia},
	author = {Meyer, Urs and Feldon, Joram and Schedlowski, Manfred and Yee, Benjamin K.},
	year = {2005},
	month = {01},
	date = {2005-01},
	journal = {Neuroscience & Biobehavioral Reviews},
	pages = {913--947},
	volume = {29},
	number = {6},
	doi = {10.1016/j.neubiorev.2004.10.012},
	url = {https://linkinghub.elsevier.com/retrieve/pii/S0149763405000813},
	langid = {en}
}

@article{meyer2010,
	title = {Epidemiology-driven neurodevelopmental animal models of schizophrenia},
	author = {Meyer, Urs and Feldon, Joram},
	year = {2010},
	month = {03},
	date = {2010-03},
	journal = {Progress in Neurobiology},
	pages = {285--326},
	volume = {90},
	number = {3},
	doi = {10.1016/j.pneurobio.2009.10.018},
	url = {https://linkinghub.elsevier.com/retrieve/pii/S0301008209001695},
	langid = {en}
}

@article{bayer1999,
	title = {Genetic and non-genetic vulnerability factors in schizophrenia: the basis of the {"}two hit hypothesis{"}},
	author = {Bayer, T. A. and Falkai, P. and Maier, W.},
	year = {1999},
	month = {12},
	date = {1999-12},
	journal = {Journal of Psychiatric Research},
	pages = {543--548},
	volume = {33},
	number = {6},
	doi = {10.1016/s0022-3956(99)00039-4},
	note = {PMID: 10628531},
	langid = {eng}
}

@article{mackie2007,
	title = {Role of DISC1 in neural development and schizophrenia},
	author = {Mackie, Shaun and Millar, J. Kirsty and Porteous, David J.},
	year = {2007},
	month = {02},
	date = {2007-02},
	journal = {Current Opinion in Neurobiology},
	pages = {95--102},
	volume = {17},
	number = {1},
	doi = {10.1016/j.conb.2007.01.007},
	note = {PMID: 17258902},
	langid = {eng}
}

@article{abazyan2010,
	title = {Prenatal interaction of mutant DISC1 and immune activation produces adult psychopathology},
	author = {Abazyan, Bagrat and Nomura, Jun and Kannan, Geetha and Ishizuka, Koko and Tamashiro, Kellie L. and Nucifora, Frederick and Pogorelov, Vladimir and Ladenheim, Bruce and Yang, Chunxia and Krasnova, Irina N. and Cadet, Jean Lud and Pardo, Carlos and Mori, Susumu and Kamiya, Atsushi and Vogel, Michael W. and Sawa, Akira and Ross, Christopher A. and Pletnikov, Mikhail V.},
	year = {2010},
	month = {12},
	date = {2010-12-15},
	journal = {Biological Psychiatry},
	pages = {1172--1181},
	volume = {68},
	number = {12},
	doi = {10.1016/j.biopsych.2010.09.022},
	note = {PMID: 21130225
PMCID: PMC3026608},
	langid = {eng}
}

@article{brandon2009,
	title = {Understanding the Role of DISC1 in Psychiatric Disease and during Normal Development},
	author = {Brandon, N. J. and Millar, J. K. and Korth, C. and Sive, H. and Singh, K. K. and Sawa, A.},
	year = {2009},
	month = {10},
	date = {2009-10-14},
	journal = {Journal of Neuroscience},
	pages = {12768--12775},
	volume = {29},
	number = {41},
	doi = {10.1523/JNEUROSCI.3355-09.2009},
	url = {https://www.jneurosci.org/lookup/doi/10.1523/JNEUROSCI.3355-09.2009},
	langid = {en}
}

@article{brandon2010,
	title = {What Happened When the Environment Met DISC1? Showing the Interactive Effects of Poly I:C and DISC1 on Mouse Phenotypes Related to Mood Disorders},
	author = {Brandon, Nicholas J.},
	year = {2010},
	month = {12},
	date = {2010-12},
	journal = {Biological Psychiatry},
	pages = {1080--1081},
	volume = {68},
	number = {12},
	doi = {10.1016/j.biopsych.2010.10.016},
	url = {https://linkinghub.elsevier.com/retrieve/pii/S000632231001108X},
	langid = {en}
}

@article{kim2018,
	title = {Mouse Cre-LoxP system: general principles to determine tissue-specific roles of target genes},
	author = {Kim, Hyeonhui and Kim, Minki and Im, Sun-Kyoung and Fang, Sungsoon},
	year = {2018},
	month = {12},
	date = {2018-12},
	journal = {Laboratory Animal Research},
	pages = {147--159},
	volume = {34},
	number = {4},
	doi = {10.5625/lar.2018.34.4.147},
	note = {PMID: 30671100
PMCID: PMC6333611},
	langid = {eng}
}

@article{elbashir2001,
	title = {Duplexes of 21-nucleotide RNAs mediate RNA interference in cultured mammalian cells},
	author = {Elbashir, Sayda M. and Harborth, Jens and Lendeckel, Winfried and Yalcin, Abdullah and Weber, Klaus and Tuschl, Thomas},
	year = {2001},
	month = {05},
	date = {2001-05},
	journal = {Nature},
	pages = {494--498},
	volume = {411},
	number = {6836},
	doi = {10.1038/35078107},
	url = {http://www.nature.com/articles/35078107},
	langid = {en}
}

@article{chang2004,
	title = {Using siRNA technique to generate transgenic animals with spatiotemporal and conditional gene knockdown},
	author = {Chang, Hung-Shu and Lin, Ching-Hui and Chen, Yu-Chi and Yu, Winston C. Y.},
	year = {2004},
	month = {11},
	date = {2004-11},
	journal = {The American Journal of Pathology},
	pages = {1535--1541},
	volume = {165},
	number = {5},
	doi = {10.1016/S0002-9440(10)63411-6},
	note = {PMID: 15509524
PMCID: PMC1618682},
	langid = {eng}
}

@article{cong2013,
	title = {Multiplex genome engineering using CRISPR/Cas systems},
	author = {Cong, Le and Ran, F. Ann and Cox, David and Lin, Shuailiang and Barretto, Robert and Habib, Naomi and Hsu, Patrick D. and Wu, Xuebing and Jiang, Wenyan and Marraffini, Luciano A. and Zhang, Feng},
	year = {2013},
	month = {02},
	date = {2013-02-15},
	journal = {Science (New York, N.Y.)},
	pages = {819--823},
	volume = {339},
	number = {6121},
	doi = {10.1126/science.1231143},
	note = {PMID: 23287718
PMCID: PMC3795411},
	langid = {eng}
}

@article{caligiuri2018,
	title = {The Promise of Genome Editing for Modeling Psychiatric Disorders},
	author = {Caligiuri, Stephanie PB and Kenny, Paul J},
	year = {2018},
	month = {01},
	date = {2018-01},
	journal = {Neuropsychopharmacology},
	pages = {223--224},
	volume = {43},
	number = {1},
	doi = {10.1038/npp.2017.197},
	url = {http://www.nature.com/articles/npp2017197},
	langid = {en}
}

@article{doudna2014,
	title = {Genome editing. The new frontier of genome engineering with CRISPR-Cas9},
	author = {Doudna, Jennifer A. and Charpentier, Emmanuelle},
	year = {2014},
	month = {11},
	date = {2014-11-28},
	journal = {Science (New York, N.Y.)},
	pages = {1258096},
	volume = {346},
	number = {6213},
	doi = {10.1126/science.1258096},
	note = {PMID: 25430774},
	langid = {eng}
}

@article{fujihara2020,
	title = {CRISPR/Cas9-engineered Gad1 elimination in rats leads to complex behavioral changes: implications for schizophrenia},
	author = {Fujihara, Kazuyuki and Yamada, Kazuo and Ichitani, Yukio and Kakizaki, Toshikazu and Jiang, Weiru and Miyata, Shigeo and Suto, Takashi and Kato, Daiki and Saito, Shigeru and Watanabe, Masahiko and Kajita, Yuki and Ohshiro, Tomokazu and Mushiake, Hajime and Miyasaka, Yoshiki and Mashimo, Tomoji and Yasuda, Hiroki and Yanagawa, Yuchio},
	year = {2020},
	month = {12},
	date = {2020-12},
	journal = {Translational Psychiatry},
	pages = {426},
	volume = {10},
	number = {1},
	doi = {10.1038/s41398-020-01108-6},
	url = {http://www.nature.com/articles/s41398-020-01108-6},
	langid = {en}
}

@article{baker2020,
	title = {Rodent models for psychiatric disorders: problems and promises},
	author = {Baker, Matthew and Hong, Sa-Ik and Kang, Seungwoo and Choi, Doo-Sup},
	year = {2020},
	month = {12},
	date = {2020-12},
	journal = {Laboratory Animal Research},
	pages = {9},
	volume = {36},
	number = {1},
	doi = {10.1186/s42826-020-00039-z},
	url = {https://labanimres.biomedcentral.com/articles/10.1186/s42826-020-00039-z},
	langid = {en}
}

@article{bowling2016,
	title = {Unlocking the molecular mechanisms of antipsychotics - a new frontier for discovery},
	author = {Bowling, Heather and Santini, Emanuela},
	year = {2016},
	date = {2016},
	journal = {Swiss Medical Weekly},
	pages = {w14314},
	volume = {146},
	doi = {10.4414/smw.2016.14314},
	note = {PMID: 27399321},
	langid = {eng}
}

@article{taveggia2008,
	title = {Type III neuregulin-1 promotes oligodendrocyte myelination},
	author = {Taveggia, Carla and Thaker, Pratik and Petrylak, Ashley and Caporaso, Gregg L. and Toews, Arrel and Falls, Douglas L. and Einheber, Steven and Salzer, James L.},
	year = {2008},
	month = {02},
	date = {2008-02},
	journal = {Glia},
	pages = {284--293},
	volume = {56},
	number = {3},
	doi = {10.1002/glia.20612},
	note = {PMID: 18080294},
	langid = {eng}
}

@article{mei2008,
	title = {Neuregulin 1 in neural development, synaptic plasticity and schizophrenia},
	author = {Mei, Lin and Xiong, Wen-Cheng},
	year = {2008},
	month = {06},
	date = {2008-06},
	journal = {Nature Reviews. Neuroscience},
	pages = {437--452},
	volume = {9},
	number = {6},
	doi = {10.1038/nrn2392},
	note = {PMID: 18478032
PMCID: PMC2682371},
	langid = {eng}
}

@article{munafò2006,
	title = {Association of the NRG1 gene and schizophrenia: a meta-analysis},
	author = {{Munafò}, M R and Thiselton, D L and Clark, T G and Flint, J},
	year = {2006},
	month = {06},
	date = {2006-06-01},
	journal = {Molecular Psychiatry},
	pages = {539--546},
	volume = {11},
	number = {6},
	doi = {10.1038/sj.mp.4001817},
	url = {https://www.nature.com/articles/4001817},
	langid = {en}
}

@article{agim2013,
	title = {Discovery, Validation and Characterization of Erbb4 and Nrg1 Haplotypes Using Data from Three Genome-Wide Association Studies of Schizophrenia},
	author = {Agim, Zeynep Sena and Esendal, Melda and Briollais, Laurent and Uyan, Ozgun and Meschian, Mehran and Martinez, Luis Antonio Mendoza and Ding, Yongmei and Basak, A. Nazli and Ozcelik, Hilmi},
	editor = {Hu, Valerie W.},
	year = {2013},
	month = {01},
	date = {2013-01-03},
	journal = {PLoS ONE},
	pages = {e53042},
	volume = {8},
	number = {1},
	doi = {10.1371/journal.pone.0053042},
	url = {https://dx.plos.org/10.1371/journal.pone.0053042},
	langid = {en}
}

@article{hall2006,
	title = {A neuregulin 1 variant associated with abnormal cortical function and psychotic symptoms},
	author = {Hall, Jeremy and Whalley, Heather C. and Job, Dominic E. and Baig, Ben J. and McIntosh, Andrew M. and Evans, Kathryn L. and Thomson, Pippa A. and Porteous, David J. and Cunningham-Owens, David G. and Johnstone, Eve C. and Lawrie, Stephen M.},
	year = {2006},
	month = {12},
	date = {2006-12},
	journal = {Nature Neuroscience},
	pages = {1477--1478},
	volume = {9},
	number = {12},
	doi = {10.1038/nn1795},
	note = {PMID: 17072305},
	langid = {eng}
}

@article{karl2013,
	title = {Neuregulin 1: a prime candidate for research into gene-environment interactions in schizophrenia? Insights from genetic rodent models},
	author = {Karl, Tim},
	year = {2013},
	date = {2013},
	journal = {Frontiers in Behavioral Neuroscience},
	volume = {7},
	doi = {10.3389/fnbeh.2013.00106},
	url = {http://journal.frontiersin.org/article/10.3389/fnbeh.2013.00106/abstract}
}

@article{deakin2009,
	title = {Behavioural characterization of neuregulin 1 type I overexpressing transgenic mice},
	author = {Deakin, Inga H. and Law, Amanda J. and Oliver, Peter L. and Schwab, Markus H. and Nave, Klaus Armin and Harrison, Paul J. and Bannerman, David M.},
	year = {2009},
	month = {11},
	date = {2009-11-25},
	journal = {Neuroreport},
	pages = {1523--1528},
	volume = {20},
	number = {17},
	doi = {10.1097/WNR.0b013e328330f6e7},
	note = {PMID: 19829162
PMCID: PMC2880453},
	langid = {eng}
}

@article{marín2013,
	title = {A New Beginning for a Broken Mind: Balancing Neuregulin 1 Reverses Synaptic Dysfunction},
	author = {{Marín}, Oscar and Rico, Beatriz},
	year = {2013},
	month = {05},
	date = {2013-05},
	journal = {Neuron},
	pages = {577--579},
	volume = {78},
	number = {4},
	doi = {10.1016/j.neuron.2013.05.004},
	url = {https://linkinghub.elsevier.com/retrieve/pii/S0896627313003978},
	langid = {en}
}

@article{yin2013,
	title = {Reversal of Behavioral Deficits and Synaptic Dysfunction in Mice Overexpressing Neuregulin 1},
	author = {Yin, Dong-Min and Chen, Yong-Jun and Lu, Yi-Sheng and Bean, {Jonathan C.} and Sathyamurthy, Anupama and Shen, Chengyong and Liu, Xihui and Lin, {Thiri W.} and Smith, Clifford A. and Xiong, Wen-Cheng and Mei, Lin},
	year = {2013},
	month = {05},
	date = {2013-05},
	journal = {Neuron},
	pages = {644--657},
	volume = {78},
	number = {4},
	doi = {10.1016/j.neuron.2013.03.028},
	url = {https://linkinghub.elsevier.com/retrieve/pii/S0896627313002754},
	langid = {en}
}

@article{rimer2005,
	title = {Neuregulin-1 immunoglobulin-like domain mutant mice: clozapine sensitivity and impaired latent inhibition},
	author = {Rimer, Mendell and Barrett, Douglas W. and Maldonado, Monica A. and Vock, Vita M. and Gonzalez-Lima, F.},
	year = {2005},
	month = {02},
	date = {2005-02-28},
	journal = {Neuroreport},
	pages = {271--275},
	volume = {16},
	number = {3},
	doi = {10.1097/00001756-200502280-00014},
	note = {PMID: 15706234},
	langid = {eng}
}

@article{stclair1990,
	title = {Association within a family of a balanced autosomal translocation with major mental illness},
	author = {St Clair, D. and Blackwood, D. and Muir, W. and Walker, M. and St Clair, D. and Muir, W. and Carothers, A. and Spowart, G. and Gosden, C. and Evans, H.J.},
	year = {1990},
	month = {07},
	date = {1990-07},
	journal = {The Lancet},
	pages = {13--16},
	volume = {336},
	number = {8706},
	doi = {10.1016/0140-6736(90)91520-K},
	url = {https://linkinghub.elsevier.com/retrieve/pii/014067369091520K},
	langid = {en}
}

@article{millar2000,
	title = {Disruption of two novel genes by a translocation co-segregating with schizophrenia},
	author = {Millar, J. K. and Wilson-Annan, J. C. and Anderson, S. and Christie, S. and Taylor, M. S. and Semple, C. A. and Devon, R. S. and St Clair, D. M. and Muir, W. J. and Blackwood, D. H. and Porteous, D. J.},
	year = {2000},
	month = {05},
	date = {2000-05-22},
	journal = {Human Molecular Genetics},
	pages = {1415--1423},
	volume = {9},
	number = {9},
	doi = {10.1093/hmg/9.9.1415},
	note = {PMID: 10814723},
	langid = {eng}
}

@article{bradshaw2012,
	title = {DISC1-binding proteins in neural development, signalling and schizophrenia},
	author = {Bradshaw, Nicholas J. and Porteous, David J.},
	year = {2012},
	month = {03},
	date = {2012-03},
	journal = {Neuropharmacology},
	pages = {1230--1241},
	volume = {62},
	number = {3},
	doi = {10.1016/j.neuropharm.2010.12.027},
	note = {PMID: 21195721
PMCID: PMC3275753},
	langid = {eng}
}

@article{su2014,
	title = {A dopamine D2 receptor-DISC1 protein complex may contribute to antipsychotic-like effects},
	author = {Su, Ping and Li, Shupeng and Chen, Sheng and Lipina, Tatiana V. and Wang, Min and Lai, Terence K. Y. and Lee, Frankie H. F. and Zhang, Hailong and Zhai, Dongxu and Ferguson, Stephen S. G. and Nobrega, {José N.} and Wong, Albert H. C. and Roder, John C. and Fletcher, Paul J. and Liu, Fang},
	year = {2014},
	month = {12},
	date = {2014-12-17},
	journal = {Neuron},
	pages = {1302--1316},
	volume = {84},
	number = {6},
	doi = {10.1016/j.neuron.2014.11.007},
	note = {PMID: 25433637},
	langid = {eng}
}

@article{sullivan2013,
	title = {Questions about DISC1 as a genetic risk factor for schizophrenia},
	author = {Sullivan, P. F.},
	year = {2013},
	month = {10},
	date = {2013-10},
	journal = {Molecular Psychiatry},
	pages = {1050--1052},
	volume = {18},
	number = {10},
	doi = {10.1038/mp.2012.182},
	note = {PMID: 24056909
PMCID: PMC3967792},
	langid = {eng}
}

@article{ma2018,
	title = {Association on DISC1 SNPs with schizophrenia risk: A meta-analysis},
	author = {Ma, Jia-Hui and Sun, Xiao-Yu and Guo, Tong-Jun and Barot, Emily and Wang, Dong-Fang and Yan, Lai-Lai and Ni, Da-Wei and Huang, Ning-Hua and Xie, Qing and Zeng, Jing and Ou-Yang, Li and Liu, Ya-Qiong and Lu, Qing-Bin},
	year = {2018},
	month = {12},
	date = {2018-12},
	journal = {Psychiatry Research},
	pages = {306--309},
	volume = {270},
	doi = {10.1016/j.psychres.2018.09.056},
	note = {PMID: 30286368},
	langid = {eng}
}

@article{facal2019,
	title = {Evidence of association of the DISC1 interactome gene set with schizophrenia from GWAS},
	author = {Facal, Fernando and Costas, Javier},
	year = {2019},
	month = {12},
	date = {2019-12-20},
	journal = {Progress in Neuro-Psychopharmacology & Biological Psychiatry},
	pages = {109729},
	volume = {95},
	doi = {10.1016/j.pnpbp.2019.109729},
	note = {PMID: 31398428},
	langid = {eng}
}

@article{koike2006,
	title = {{\emph{Disc1}} is mutated in the 129S6/SvEv strain and modulates working memory in mice},
	author = {Koike, Hiroko and Arguello, P. Alexander and Kvajo, Mirna and Karayiorgou, Maria and Gogos, Joseph A.},
	year = {2006},
	month = {03},
	date = {2006-03-07},
	journal = {Proceedings of the National Academy of Sciences},
	pages = {3693--3697},
	volume = {103},
	number = {10},
	doi = {10.1073/pnas.0511189103},
	url = {https://pnas.org/doi/full/10.1073/pnas.0511189103},
	langid = {en}
}

@article{pletnikov2008,
	title = {Inducible expression of mutant human DISC1 in mice is associated with brain and behavioral abnormalities reminiscent of schizophrenia},
	author = {Pletnikov, M. V. and Ayhan, Y. and Nikolskaia, O. and Xu, Y. and Ovanesov, M. V. and Huang, H. and Mori, S. and Moran, T. H. and Ross, C. A.},
	year = {2008},
	month = {02},
	date = {2008-02},
	journal = {Molecular Psychiatry},
	pages = {173--186, 115},
	volume = {13},
	number = {2},
	doi = {10.1038/sj.mp.4002079},
	note = {PMID: 17848917},
	langid = {eng}
}

@article{hikida2007,
	title = {Dominant-negative DISC1 transgenic mice display schizophrenia-associated phenotypes detected by measures translatable to humans},
	author = {Hikida, Takatoshi and Jaaro-Peled, Hanna and Seshadri, Saurav and Oishi, Kenichi and Hookway, Caroline and Kong, Stephanie and Wu, Di and Xue, Rong and {Andradé}, Manuella and Tankou, Stephanie and Mori, Susumu and Gallagher, Michela and Ishizuka, Koko and Pletnikov, Mikhail and Kida, Satoshi and Sawa, Akira},
	year = {2007},
	month = {09},
	date = {2007-09-04},
	journal = {Proceedings of the National Academy of Sciences of the United States of America},
	pages = {14501--14506},
	volume = {104},
	number = {36},
	doi = {10.1073/pnas.0704774104},
	note = {PMID: 17675407
PMCID: PMC1964873},
	langid = {eng}
}

@article{duan2007,
	title = {Disrupted-In-Schizophrenia 1 regulates integration of newly generated neurons in the adult brain},
	author = {Duan, Xin and Chang, Jay H. and Ge, Shaoyu and Faulkner, Regina L. and Kim, Ju Young and Kitabatake, Yasuji and Liu, Xiao-bo and Yang, Chih-Hao and Jordan, J. Dedrick and Ma, Dengke K. and Liu, Cindy Y. and Ganesan, Sundar and Cheng, Hwai-Jong and Ming, Guo-li and Lu, Bai and Song, Hongjun},
	year = {2007},
	month = {09},
	date = {2007-09-21},
	journal = {Cell},
	pages = {1146--1158},
	volume = {130},
	number = {6},
	doi = {10.1016/j.cell.2007.07.010},
	note = {PMID: 17825401
PMCID: PMC2002573},
	langid = {eng}
}

@article{sawa2016,
	title = {The potential of DISC1 protein as a therapeutic target for mental illness},
	author = {Sawa, Akira and Ishizuka, Koko and Katsanis, Nicholas},
	year = {2016},
	month = {06},
	date = {2016-06},
	journal = {Expert Opinion on Therapeutic Targets},
	pages = {641--643},
	volume = {20},
	number = {6},
	doi = {10.1517/14728222.2016.1146694},
	note = {PMID: 26810812
PMCID: PMC5476421},
	langid = {eng}
}

@article{forsingdal2019,
	title = {Can Animal Models of Copy Number Variants That Predispose to Schizophrenia Elucidate Underlying Biology?},
	author = {Forsingdal, Annika and {Jørgensen}, Trine Nygaard and Olsen, Line and Werge, Thomas and Didriksen, Michael and Nielsen, Jacob},
	year = {2019},
	month = {01},
	date = {2019-01},
	journal = {Biological Psychiatry},
	pages = {13--24},
	volume = {85},
	number = {1},
	doi = {10.1016/j.biopsych.2018.07.004},
	url = {https://linkinghub.elsevier.com/retrieve/pii/S0006322318316706},
	langid = {en}
}

@article{schneider2014,
	title = {Psychiatric disorders from childhood to adulthood in 22q11.2 deletion syndrome: results from the International Consortium on Brain and Behavior in 22q11.2 Deletion Syndrome},
	author = {Schneider, Maude and {Debbané}, Martin and Bassett, Anne S. and Chow, Eva W. C. and Fung, Wai Lun Alan and van den Bree, Marianne and Owen, Michael and Murphy, Kieran C. and Niarchou, Maria and Kates, Wendy R. and Antshel, Kevin M. and Fremont, Wanda and McDonald-McGinn, Donna M. and Gur, Raquel E. and Zackai, Elaine H. and Vorstman, Jacob and Duijff, Sasja N. and Klaassen, Petra W. J. and Swillen, Ann and Gothelf, Doron and Green, Tamar and Weizman, Abraham and Van Amelsvoort, Therese and Evers, Laurens and Boot, Erik and Shashi, Vandana and Hooper, Stephen R. and Bearden, Carrie E. and Jalbrzikowski, Maria and Armando, Marco and Vicari, Stefano and Murphy, Declan G. and Ousley, Opal and Campbell, Linda E. and Simon, Tony J. and Eliez, Stephan and International Consortium on Brain and Behavior in 22q11.2 Deletion Syndrome, },
	year = {2014},
	month = {06},
	date = {2014-06},
	journal = {The American Journal of Psychiatry},
	pages = {627--639},
	volume = {171},
	number = {6},
	doi = {10.1176/appi.ajp.2013.13070864},
	note = {PMID: 24577245
PMCID: PMC4285461},
	langid = {eng}
}

@article{rujescu2009,
	title = {Disruption of the neurexin 1 gene is associated with schizophrenia},
	author = {Rujescu, Dan and Ingason, Andres and Cichon, Sven and {Pietiläinen}, Olli P. H. and Barnes, Michael R. and Toulopoulou, Timothea and Picchioni, Marco and Vassos, Evangelos and Ettinger, Ulrich and Bramon, Elvira and Murray, Robin and Ruggeri, Mirella and Tosato, Sarah and Bonetto, Chiara and Steinberg, Stacy and Sigurdsson, Engilbert and Sigmundsson, Thordur and Petursson, Hannes and Gylfason, Arnaldur and Olason, Pall I. and Hardarsson, Gudmundur and Jonsdottir, Gudrun A. and Gustafsson, Omar and Fossdal, Ragnheidur and Giegling, Ina and {Möller}, {Hans-Jürgen} and Hartmann, Annette M. and Hoffmann, Per and Crombie, Caroline and Fraser, Gillian and Walker, Nicholas and Lonnqvist, Jouko and Suvisaari, Jaana and Tuulio-Henriksson, Annamari and Djurovic, Srdjan and Melle, Ingrid and Andreassen, Ole A. and Hansen, Thomas and Werge, Thomas and Kiemeney, Lambertus A. and Franke, Barbara and Veltman, Joris and Buizer-Voskamp, Jacobine E. and GROUP Investigators,  and Sabatti, Chiara and Ophoff, Roel A. and Rietschel, Marcella and {Nöthen}, Markus M. and Stefansson, Kari and Peltonen, Leena and St Clair, David and Stefansson, Hreinn and Collier, David A.},
	year = {2009},
	month = {03},
	date = {2009-03-01},
	journal = {Human Molecular Genetics},
	pages = {988--996},
	volume = {18},
	number = {5},
	doi = {10.1093/hmg/ddn351},
	note = {PMID: 18945720
PMCID: PMC2695245},
	langid = {eng}
}

@article{lewis2018,
	title = {Bidirectional Regulation of Aggression in Mice by Hippocampal Alpha-7 Nicotinic Acetylcholine Receptors},
	author = {Lewis, Alan S and Pittenger, Steven T and Mineur, Yann S and Stout, Dawson and Smith, Philip H and Picciotto, Marina R},
	year = {2018},
	month = {05},
	date = {2018-05},
	journal = {Neuropsychopharmacology},
	pages = {1267--1275},
	volume = {43},
	number = {6},
	doi = {10.1038/npp.2017.276},
	url = {http://www.nature.com/articles/npp2017276},
	langid = {en}
}

@article{benson2001,
	title = {Dysbindin, a novel coiled-coil-containing protein that interacts with the dystrobrevins in muscle and brain},
	author = {Benson, M. A. and Newey, S. E. and Martin-Rendon, E. and Hawkes, R. and Blake, D. J.},
	year = {2001},
	month = {06},
	date = {2001-06-29},
	journal = {The Journal of Biological Chemistry},
	pages = {24232--24241},
	volume = {276},
	number = {26},
	doi = {10.1074/jbc.M010418200},
	note = {PMID: 11316798},
	langid = {eng}
}

@article{straub2002,
	title = {Genetic variation in the 6p22.3 gene DTNBP1, the human ortholog of the mouse dysbindin gene, is associated with schizophrenia},
	author = {Straub, Richard E. and Jiang, Yuxin and MacLean, Charles J. and Ma, Yunlong and Webb, Bradley T. and Myakishev, Maxim V. and Harris-Kerr, Carole and Wormley, Brandon and Sadek, Hannah and Kadambi, Bharat and Cesare, Anthony J. and Gibberman, Avi and Wang, Xu and {O'Neill}, F. Anthony and Walsh, Dermot and Kendler, Kenneth S.},
	year = {2002},
	month = {08},
	date = {2002-08},
	journal = {American Journal of Human Genetics},
	pages = {337--348},
	volume = {71},
	number = {2},
	doi = {10.1086/341750},
	note = {PMID: 12098102
PMCID: PMC379166},
	langid = {eng}
}

@article{winship2019,
	title = {An Overview of Animal Models Related to Schizophrenia},
	author = {Winship, Ian R. and Dursun, Serdar M. and Baker, Glen B. and Balista, Priscila A. and Kandratavicius, Ludmyla and Maia-de-Oliveira, Joao Paulo and Hallak, Jaime and Howland, John G.},
	year = {2019},
	month = {01},
	date = {2019-01},
	journal = {The Canadian Journal of Psychiatry},
	pages = {5--17},
	volume = {64},
	number = {1},
	doi = {10.1177/0706743718773728},
	url = {http://journals.sagepub.com/doi/10.1177/0706743718773728},
	langid = {en}
}

@article{weickert2008,
	title = {Reduced DTNBP1 (dysbindin-1) mRNA in the hippocampal formation of schizophrenia patients},
	author = {Weickert, Cynthia Shannon and Rothmond, Debora A. and Hyde, Thomas M. and Kleinman, Joel E. and Straub, Richard E.},
	year = {2008},
	month = {01},
	date = {2008-01},
	journal = {Schizophrenia Research},
	pages = {105--110},
	volume = {98},
	number = {1-3},
	doi = {10.1016/j.schres.2007.05.041},
	note = {PMID: 17961984
PMCID: PMC2246024},
	langid = {eng}
}

@article{talbot2009,
	title = {The sandy (sdy) mouse: a dysbindin-1 mutant relevant to schizophrenia research},
	author = {Talbot, Konrad},
	year = {2009},
	date = {2009},
	journal = {Progress in Brain Research},
	pages = {87--94},
	volume = {179},
	doi = {10.1016/S0079-6123(09)17910-4},
	note = {PMID: 20302821},
	langid = {eng}
}

@article{bhardwaj2009,
	title = {Behavioral characterization of dysbindin-1 deficient sandy mice},
	author = {Bhardwaj, Sanjeev K. and Baharnoori, Moogeh and Sharif-Askari, Bahram and Kamath, Aarthi and Williams, Sylvain and Srivastava, Lalit K.},
	year = {2009},
	month = {02},
	date = {2009-02-11},
	journal = {Behavioural Brain Research},
	pages = {435--441},
	volume = {197},
	number = {2},
	doi = {10.1016/j.bbr.2008.10.011},
	note = {PMID: 18984010},
	langid = {eng}
}

@article{cox2009,
	title = {Neurobehavioral abnormalities in the dysbindin-1 mutant, sandy, on a C57BL/6J genetic background},
	author = {Cox, M. M. and Tucker, A. M. and Tang, J. and Talbot, K. and Richer, D. C. and Yeh, L. and Arnold, S. E.},
	year = {2009},
	month = {06},
	date = {2009-06},
	journal = {Genes, Brain, and Behavior},
	pages = {390--397},
	volume = {8},
	number = {4},
	doi = {10.1111/j.1601-183X.2009.00477.x},
	note = {PMID: 19220483
PMCID: PMC2774142},
	langid = {eng}
}

@article{takao2008,
	title = {Impaired long-term memory retention and working memory in sdy mutant mice with a deletion in Dtnbp1, a susceptibility gene for schizophrenia},
	author = {Takao, Keizo and Toyama, Keiko and Nakanishi, Kazuo and Hattori, Satoko and Takamura, Hironori and Takeda, Masatoshi and Miyakawa, Tsuyoshi and Hashimoto, Ryota},
	year = {2008},
	month = {10},
	date = {2008-10-22},
	journal = {Molecular Brain},
	pages = {11},
	volume = {1},
	doi = {10.1186/1756-6606-1-11},
	note = {PMID: 18945333
PMCID: PMC2584096},
	langid = {eng}
}

@article{nazarian2006,
	title = {Reinvestigation of the dysbindin subunit of BLOC-1 (biogenesis of lysosome-related organelles complex-1) as a dystrobrevin-binding protein},
	author = {Nazarian, Ramin and Starcevic, Marta and Spencer, {Melissa J.} and {Dell'Angelica}, {Esteban C.}},
	year = {2006},
	month = {05},
	date = {2006-05-01},
	journal = {Biochemical Journal},
	pages = {587--598},
	volume = {395},
	number = {3},
	doi = {10.1042/BJ20051965},
	url = {https://portlandpress.com/biochemj/article/395/3/587/44166/Reinvestigation-of-the-dysbindin-subunit-of-BLOC-1},
	langid = {en}
}

@article{lee2012,
	title = {Assembly and Architecture of Biogenesis of Lysosome-related Organelles Complex-1 (BLOC-1)},
	author = {Lee, Hyung Ho and Nemecek, Daniel and Schindler, Christina and Smith, William J. and Ghirlando, Rodolfo and Steven, Alasdair C. and Bonifacino, Juan S. and Hurley, James H.},
	year = {2012},
	month = {02},
	date = {2012-02},
	journal = {Journal of Biological Chemistry},
	pages = {5882--5890},
	volume = {287},
	number = {8},
	doi = {10.1074/jbc.M111.325746},
	url = {https://linkinghub.elsevier.com/retrieve/pii/S0021925820612431},
	langid = {en}
}

@article{guo2009,
	title = {The dystrobrevin-binding protein 1 gene: features and networks},
	author = {Guo, A Y and Sun, J and Riley, B P and Thiselton, D L and Kendler, K S and Zhao, Z},
	year = {2009},
	month = {01},
	date = {2009-01},
	journal = {Molecular Psychiatry},
	pages = {18--29},
	volume = {14},
	number = {1},
	doi = {10.1038/mp.2008.88},
	url = {https://www.nature.com/articles/mp200888},
	langid = {en}
}

@article{morris2008,
	title = {Dysbindin (DTNBP1) and the biogenesis of lysosome-related organelles complex 1 (BLOC-1): main and epistatic gene effects are potential contributors to schizophrenia susceptibility},
	author = {Morris, Derek W. and Murphy, Kevin and Kenny, Niamh and Purcell, Shaun M. and McGhee, Kevin A. and Schwaiger, Siobhan and Nangle, Jeanne-Marie and Donohoe, Gary and Clarke, Sarah and Scully, Paul and Quinn, John and Meagher, David and Baldwin, Patrizia and Crumlish, Niall and {O'Callaghan}, Eadbhard and Waddington, John L. and Gill, Michael and Corvin, Aiden P.},
	year = {2008},
	month = {01},
	date = {2008-01-01},
	journal = {Biological Psychiatry},
	pages = {24--31},
	volume = {63},
	number = {1},
	doi = {10.1016/j.biopsych.2006.12.025},
	note = {PMID: 17618940},
	langid = {eng}
}

@article{bhardwaj2015,
	title = {Loss of dysbindin-1, a risk gene for schizophrenia, leads to impaired group 1 metabotropic glutamate receptor function in mice},
	author = {Bhardwaj, Sanjeev K. and Ryan, Richard T. and Wong, Tak Pan and Srivastava, Lalit K.},
	year = {2015},
	month = {03},
	date = {2015-03-26},
	journal = {Frontiers in Behavioral Neuroscience},
	volume = {9},
	doi = {10.3389/fnbeh.2015.00072},
	url = {http://www.frontiersin.org/Behavioral_Neuroscience/10.3389/fnbeh.2015.00072/abstract}
}

@article{nicoletti2019,
	title = {Targeting mGlu Receptors for Optimization of Antipsychotic Activity and Disease-Modifying Effect in Schizophrenia},
	author = {Nicoletti, Ferdinando and Orlando, Rosamaria and Di Menna, Luisa and Cannella, Milena and Notartomaso, Serena and Mascio, Giada and Iacovelli, Luisa and Matrisciano, Francesco and Fazio, Francesco and Caraci, Filippo and Copani, Agata and Battaglia, Giuseppe and Bruno, Valeria},
	year = {2019},
	month = {02},
	date = {2019-02-14},
	journal = {Frontiers in Psychiatry},
	pages = {49},
	volume = {10},
	doi = {10.3389/fpsyt.2019.00049},
	url = {https://www.frontiersin.org/article/10.3389/fpsyt.2019.00049/full}
}

@article{ishii2016,
	title = {Reelin and Neuropsychiatric Disorders},
	author = {Ishii, Kazuhiro and Kubo, Ken-ichiro and Nakajima, Kazunori},
	year = {2016},
	month = {10},
	date = {2016-10-18},
	journal = {Frontiers in Cellular Neuroscience},
	volume = {10},
	doi = {10.3389/fncel.2016.00229},
	url = {http://journal.frontiersin.org/article/10.3389/fncel.2016.00229/full}
}

@article{falconer1951,
	title = {Two new mutants, 'trembler' and 'reeler', with neurological actions in the house mouse (Mus musculus L.)},
	author = {Falconer, D. S.},
	year = {1951},
	month = {01},
	date = {1951-01},
	journal = {Journal of Genetics},
	pages = {192--201},
	volume = {50},
	number = {2},
	doi = {10.1007/BF02996215},
	note = {PMID: 24539699},
	langid = {eng}
}

@article{hamburgh1963,
	title = {ANALYSIS OF THE POSTNATAL DEVELOPMENTAL EFFECTS OF {"}REELER,{"} A NEUROLOGICAL MUTATION IN MICE. A STUDY IN DEVELOPMENTAL GENETICS},
	author = {Hamburgh, M.},
	year = {1963},
	month = {10},
	date = {1963-10},
	journal = {Developmental Biology},
	pages = {165--185},
	volume = {8},
	doi = {10.1016/0012-1606(63)90040-x},
	note = {PMID: 14069672},
	langid = {eng}
}

@article{li2013,
	title = {Analysis of common genetic variants identifies {\emph{RELN}} as a risk gene for schizophrenia in Chinese population},
	author = {Li, Ming and Luo, Xiong-Jian and Xiao, Xiao and Shi, Lei and Liu, Xing-Yan and Yin, Li-De and Ma, Xiao-Yuan and Yang, Shun-Ying and Pu, Xing-Fu and Yu, Jin and Diao, Hong-Bo and Shi, Hong and Su, Bing},
	year = {2013},
	month = {03},
	date = {2013-03},
	journal = {The World Journal of Biological Psychiatry},
	pages = {91--99},
	volume = {14},
	number = {2},
	doi = {10.3109/15622975.2011.587891},
	url = {http://www.tandfonline.com/doi/full/10.3109/15622975.2011.587891},
	langid = {en}
}

@article{impagnatiello1998,
	title = {A decrease of reelin expression as a putative vulnerability factor in schizophrenia},
	author = {Impagnatiello, Francesco and Guidotti, Alessandro R. and Pesold, Christine and Dwivedi, Yogesh and Caruncho, Hector and Pisu, Maria G. and Uzunov, Doncho P. and Smalheiser, Neil R. and Davis, John M. and Pandey, Ghanshyam N. and Pappas, George D. and Tueting, Patricia and Sharma, Rajiv P. and Costa, Erminio},
	year = {1998},
	month = {12},
	date = {1998-12-22},
	journal = {Proceedings of the National Academy of Sciences},
	pages = {15718--15723},
	volume = {95},
	number = {26},
	doi = {10.1073/pnas.95.26.15718},
	url = {https://pnas.org/doi/full/10.1073/pnas.95.26.15718},
	langid = {en}
}

@article{fatemi2000,
	title = {Reduction in Reelin immunoreactivity in hippocampus of subjects with schizophrenia, bipolar disorder and major depression},
	author = {Fatemi, S H and Earle, J A and McMenomy, T},
	year = {2000},
	month = {11},
	date = {2000-11-01},
	journal = {Molecular Psychiatry},
	pages = {654--663},
	volume = {5},
	number = {6},
	doi = {10.1038/sj.mp.4000783},
	url = {https://www.nature.com/articles/4000783},
	langid = {en}
}

@article{yin2020,
	title = {Exploring the mRNA expression level of RELN in peripheral blood of schizophrenia patients before and after antipsychotic treatment},
	author = {Yin, Jiajun and Lu, Yana and Yu, Shui and Dai, Zhanzhan and Zhang, Fuquan and Yuan, Jianmin},
	year = {2020},
	month = {12},
	date = {2020-12},
	journal = {Hereditas},
	pages = {43},
	volume = {157},
	number = {1},
	doi = {10.1186/s41065-020-00158-6},
	url = {https://hereditasjournal.biomedcentral.com/articles/10.1186/s41065-020-00158-6},
	langid = {en}
}

@article{lossi2019,
	title = {The Reeler Mouse: A Translational Model of Human Neurological Conditions, or Simply a Good Tool for Better Understanding Neurodevelopment?},
	author = {Lossi, Laura and Castagna, Claudia and Granato, Alberto and Merighi, Adalberto},
	year = {2019},
	month = {12},
	date = {2019-12-01},
	journal = {Journal of Clinical Medicine},
	pages = {E2088},
	volume = {8},
	number = {12},
	doi = {10.3390/jcm8122088},
	note = {PMID: 31805691
PMCID: PMC6947477},
	langid = {eng}
}

@article{iafrati2014,
	title = {Reelin, an extracellular matrix protein linked to early onset psychiatric diseases, drives postnatal development of the prefrontal cortex via GluN2B-NMDARs and the mTOR pathway},
	author = {Iafrati, J and Orejarena, M J and Lassalle, O and Bouamrane, L and Chavis, P},
	year = {2014},
	month = {04},
	date = {2014-04},
	journal = {Molecular Psychiatry},
	pages = {417--426},
	volume = {19},
	number = {4},
	doi = {10.1038/mp.2013.66},
	url = {http://www.nature.com/articles/mp201366},
	langid = {en}
}

@article{negrónoyarzo2016,
	title = {Schizophrenia and reelin: a model based on prenatal stress to study epigenetics, brain development and behavior},
	author = {{Negrón-Oyarzo}, Ignacio and {Lara-Vásquez}, Ariel and {Palacios-García}, Ismael and Fuentealba, Pablo and Aboitiz, Francisco},
	year = {2016},
	month = {12},
	date = {2016-12},
	journal = {Biological Research},
	pages = {16},
	volume = {49},
	number = {1},
	doi = {10.1186/s40659-016-0076-5},
	url = {http://www.biolres.com/content/49/1/16},
	langid = {en}
}

@article{costa2002,
	title = {The heterozygote reeler mouse as a model for the development of a new generation of antipsychotics},
	author = {Costa, Erminio and Davis, John and Pesold, Christine and Tueting, Patricia and Guidotti, Alessandro},
	year = {2002},
	month = {02},
	date = {2002-02},
	journal = {Current Opinion in Pharmacology},
	pages = {56--62},
	volume = {2},
	number = {1},
	doi = {10.1016/s1471-4892(01)00121-7},
	note = {PMID: 11786309},
	langid = {eng}
}

@article{kang2020,
	title = {Pinocembrin Ameliorates Cognitive Impairment Induced by Vascular Dementia: Contribution of Reelin-dab1 Signaling Pathway},
	author = {Kang, Ze-Chun and Wang, Hai-Gang and Yang, Yu-Lin and Zhao, Xiao-Yue and Zhou, Qi-Meng and Yang, Ying-Lin and Yang, Jing-Yu and Du, Guan-Hua},
	year = {2020},
	date = {2020},
	journal = {Drug Design, Development and Therapy},
	pages = {3577--3587},
	volume = {14},
	doi = {10.2147/DDDT.S249176},
	note = {PMID: 32943845
PMCID: PMC7481311},
	langid = {eng}
}

@article{brymer2020,
	title = {Fast-acting antidepressant-like effects of Reelin evaluated in the repeated-corticosterone chronic stress paradigm},
	author = {Brymer, Kyle J. and Johnston, Jenessa and Botterill, Justin J. and Romay-Tallon, Raquel and Mitchell, Milann A. and Allen, Josh and Pinna, Graziano and Caruncho, Hector J. and Kalynchuk, Lisa E.},
	year = {2020},
	month = {09},
	date = {2020-09},
	journal = {Neuropsychopharmacology: Official Publication of the American College of Neuropsychopharmacology},
	pages = {1707--1716},
	volume = {45},
	number = {10},
	doi = {10.1038/s41386-020-0609-z},
	note = {PMID: 31926481
PMCID: PMC7419539},
	langid = {eng}
}

@article{kuschinsky1972,
	title = {Morphine catalepsy in the rat: relation to striatal dopamine metabolism},
	author = {Kuschinsky, K. and Hornykiewicz, O.},
	year = {1972},
	month = {07},
	date = {1972-07},
	journal = {European Journal of Pharmacology},
	pages = {119--122},
	volume = {19},
	number = {1},
	doi = {10.1016/0014-2999(72)90086-6},
	note = {PMID: 5065530},
	langid = {eng}
}

@article{sanberg1988,
	title = {The catalepsy test: Its ups and downs.},
	author = {Sanberg, Paul R. and Bunsey, Michael D. and Giordano, Magda and Norman, Andrew B.},
	year = {1988},
	date = {1988},
	journal = {Behavioral Neuroscience},
	pages = {748--759},
	volume = {102},
	number = {5},
	doi = {10.1037/0735-7044.102.5.748},
	url = {http://doi.apa.org/getdoi.cfm?doi=10.1037/0735-7044.102.5.748},
	langid = {en}
}

@article{fuenmayor1979,
	title = {Production of catalepsy and depletion of brain monoamines by a butyrophenone derivative},
	author = {Fuenmayor, L. D. and Vogt, M.},
	year = {1979},
	month = {09},
	date = {1979-09},
	journal = {British Journal of Pharmacology},
	pages = {115--122},
	volume = {67},
	number = {1},
	note = {PMID: 574039
PMCID: PMC2043615},
	langid = {eng}
}

@article{hoffman1995,
	title = {Catalepsy as a rodent model for detecting antipsychotic drugs with extrapyramidal side effect liability},
	author = {Hoffman, D. C. and Donovan, H.},
	year = {1995},
	month = {07},
	date = {1995-07},
	journal = {Psychopharmacology},
	pages = {128--133},
	volume = {120},
	number = {2},
	doi = {10.1007/BF02246184},
	note = {PMID: 7480543},
	langid = {eng}
}

@article{bricker2014,
	title = {Evaluation of the potential of antipsychotic agents to induce catalepsy in rats: assessment of a new, commercially available, semi-automated instrument},
	author = {Bricker, Barbara and Sampson, Dinithia and Ablordeppey, Seth Y.},
	year = {2014},
	month = {05},
	date = {2014-05},
	journal = {Pharmacology, Biochemistry, and Behavior},
	pages = {109--116},
	volume = {120},
	doi = {10.1016/j.pbb.2014.02.013},
	note = {PMID: 24565832
PMCID: PMC3992273},
	langid = {eng}
}

@article{guzen2019,
	title = {Haloperidol{-}Induced Preclinical Tardive Dyskinesia Model in Rats},
	author = {Guzen, {Fausto Pierdoná} and Cavalcanti, {José Rodolfo Lopes de Paiva} and Cavalcanti, Diogo Manuel Lopes de Paiva and Sales, Luma Gabrielle Praxedes and da Silva, Monalisa Stefany Martins and da Silva, Aline Naiara Azevedo and Pinheiro, Francisco Irochima and {Araújo}, Dayane Pessoa},
	year = {2019},
	month = {06},
	date = {2019-06},
	journal = {Current Protocols in Neuroscience},
	volume = {88},
	number = {1},
	doi = {10.1002/cpns.68},
	url = {https://onlinelibrary.wiley.com/doi/10.1002/cpns.68},
	langid = {en}
}

@article{treadway2013,
	title = {Parsing Anhedonia: Translational Models of Reward-Processing Deficits in Psychopathology},
	author = {Treadway, Michael T. and Zald, David H.},
	year = {2013},
	month = {06},
	date = {2013-06-01},
	journal = {Current Directions in Psychological Science},
	pages = {244--249},
	volume = {22},
	number = {3},
	doi = {10.1177/0963721412474460},
	note = {PMID: 24748727
PMCID: PMC3989147},
	langid = {eng}
}

@article{ting2010,
	title = {Differentiating the cognitive profile of schizophrenia from that of Alzheimer disease and depression in late life},
	author = {Ting, Christina and Rajji, Tarek K. and Ismail, Zahinoor and Tang-Wai, David F. and Apanasiewicz, Nina and Miranda, Dielle and Mamo, David and Mulsant, Benoit H.},
	year = {2010},
	month = {04},
	date = {2010-04-12},
	journal = {PloS One},
	pages = {e10151},
	volume = {5},
	number = {4},
	doi = {10.1371/journal.pone.0010151},
	note = {PMID: 20405043
PMCID: PMC2853579},
	langid = {eng}
}

@article{barak2011,
	title = {Putative cognitive enhancers in preclinical models related to schizophrenia: The search for an elusive target},
	author = {Barak, Segev and Weiner, Ina},
	year = {2011},
	month = {08},
	date = {2011-08},
	journal = {Pharmacology Biochemistry and Behavior},
	pages = {164--189},
	volume = {99},
	number = {2},
	doi = {10.1016/j.pbb.2011.03.011},
	url = {https://linkinghub.elsevier.com/retrieve/pii/S0091305711000839},
	langid = {en}
}

@article{brown2017,
	title = {Ketamine Role in Schizoaffective Disorder Depressive Type},
	author = {Brown, Darin and Exeer, Ahmad Murtaza and Manalai, Partam and Aziz, Walid and Babb, Crystal},
	year = {2017},
	date = {2017},
	journal = {Journal of Addiction Research & Therapy},
	volume = {08},
	number = {05},
	doi = {10.4172/2155-6105.1000346},
	url = {https://www.omicsonline.org/open-access/ketamine-role-in-schizoaffective-disorder-depressive-type-2155-6105-1000346-94423.html}
}

@article{bartova2018,
	title = {Rapid antidepressant effect of S-ketamine in schizophrenia},
	author = {Bartova, Lucie and Papageorgiou, Konstantinos and Milenkovic, Ivan and Dold, Markus and Weidenauer, Ana and Willeit, Matthaeus and Winkler, Dietmar and Kasper, Siegfried},
	year = {2018},
	month = {08},
	date = {2018-08},
	journal = {European Neuropsychopharmacology: The Journal of the European College of Neuropsychopharmacology},
	pages = {980--982},
	volume = {28},
	number = {8},
	doi = {10.1016/j.euroneuro.2018.05.007},
	note = {PMID: 30041987},
	langid = {eng}
}

@article{veraart2021,
	title = {Ketamine Treatment for Depression in Patients With a History of Psychosis or Current Psychotic Symptoms: A Systematic Review},
	author = {Veraart, Jolien K. E. and Smith-Apeldoorn, Sanne Y. and Spijker, Jan and Kamphuis, Jeanine and Schoevers, Robert A.},
	year = {2021},
	month = {07},
	date = {2021-07-13},
	journal = {The Journal of Clinical Psychiatry},
	pages = {20r13459},
	volume = {82},
	number = {4},
	doi = {10.4088/JCP.20r13459},
	note = {PMID: 34255943},
	langid = {eng}
}

@article{beck2020,
	title = {Association of Ketamine With Psychiatric Symptoms and Implications for Its Therapeutic Use and for Understanding Schizophrenia: A Systematic Review and Meta-analysis},
	author = {Beck, Katherine and Hindley, Guy and Borgan, Faith and Ginestet, Cedric and McCutcheon, Robert and Brugger, Stefan and Driesen, Naomi and Ranganathan, Mohini and {D{\textquoteright}Souza}, Deepak Cyril and Taylor, Matthew and Krystal, John H. and Howes, Oliver D.},
	year = {2020},
	month = {05},
	date = {2020-05-21},
	journal = {JAMA Network Open},
	pages = {e204693},
	volume = {3},
	number = {5},
	doi = {10.1001/jamanetworkopen.2020.4693},
	url = {https://jamanetwork.com/journals/jamanetworkopen/fullarticle/2766225},
	langid = {en}
}

@article{sotiropoulos2021,
	title = {Innovative screening models for the discovery of new schizophrenia drug therapies: an integrated approach},
	author = {Sotiropoulos, Marinos G. and Poulogiannopoulou, Eleni and Delis, Foteini and Dalla, Christina and Antoniou, Katerina and Kokras, Nikolaos},
	year = {2021},
	month = {07},
	date = {2021-07},
	journal = {Expert Opinion on Drug Discovery},
	pages = {791--806},
	volume = {16},
	number = {7},
	doi = {10.1080/17460441.2021.1877657},
	note = {PMID: 33467920},
	langid = {eng}
}

@article{wain2009,
	title = {Genomic copy number variation, human health, and disease},
	author = {Wain, Louise V and Armour, John AL and Tobin, Martin D},
	year = {2009},
	month = {07},
	date = {2009-07},
	journal = {The Lancet},
	pages = {340--350},
	volume = {374},
	number = {9686},
	doi = {10.1016/S0140-6736(09)60249-X},
	url = {https://linkinghub.elsevier.com/retrieve/pii/S014067360960249X},
	langid = {en}
}
