
@article{lovell1982,
	title = {Biopsy of human olfactory mucosa. An instrument and a technique},
	author = {Lovell, M. A. and Jafek, B. W. and Moran, D. T. and Rowley, J. C.},
	year = {1982},
	month = {04},
	date = {1982-04},
	journal = {Archives of Otolaryngology (Chicago, Ill.: 1960)},
	pages = {247--249},
	volume = {108},
	number = {4},
	doi = {10.1001/archotol.1982.00790520047013},
	note = {PMID: 7073597},
	langid = {eng}
}

@article{moberg1999,
	title = {Olfactory Dysfunction in Schizophrenia A Qualitative and Quantitative Review},
	author = {Moberg, P},
	year = {1999},
	month = {09},
	date = {1999-09},
	journal = {Neuropsychopharmacology},
	pages = {325--340},
	volume = {21},
	number = {3},
	doi = {10.1016/S0893-133X(99)00019-6},
	url = {http://www.nature.com/doifinder/10.1016/S0893-133X(99)00019-6}
}

@article{cascella2007,
	title = {Neurodevelopmental involvement in schizophrenia: the olfactory epithelium as an alternative model for research: Olfactory epithelium as a model for research in schizophrenia},
	author = {Cascella, Nicola G. and Takaki, Manabu and Lin, Sandra and Sawa, Akira},
	year = {2007},
	month = {07},
	date = {2007-07-11},
	journal = {Journal of Neurochemistry},
	pages = {587--594},
	volume = {102},
	number = {3},
	doi = {10.1111/j.1471-4159.2007.04628.x},
	url = {https://onlinelibrary.wiley.com/doi/10.1111/j.1471-4159.2007.04628.x},
	langid = {en}
}

@article{choi2018,
	title = {Olfactory epithelium: Cells, clinical disorders, and insights from an adult stem cell niche},
	author = {Choi, Rhea and Goldstein, Bradley J.},
	year = {2018},
	month = {02},
	date = {2018-02},
	journal = {Laryngoscope Investigative Otolaryngology},
	pages = {35--42},
	volume = {3},
	number = {1},
	doi = {10.1002/lio2.135},
	note = {PMID: 29492466
PMCID: PMC5824112},
	langid = {eng}
}

@article{lavoie2017,
	title = {Application of olfactory tissue and its neural progenitors to schizophrenia and psychiatric research},
	author = {Lavoie, {Joëlle} and Sawa, Akira and Ishizuka, Koko},
	year = {2017},
	month = {05},
	date = {2017-05},
	journal = {Current Opinion in Psychiatry},
	pages = {176--183},
	volume = {30},
	number = {3},
	doi = {10.1097/YCO.0000000000000327},
	note = {PMID: 28333692
PMCID: PMC5471112},
	langid = {eng}
}

@article{koszla2020,
	title = {In Vitro and In Vivo Models for the Investigation of Potential Drugs Against Schizophrenia},
	author = {{Kosz{\l}a}, Oliwia and Targowska-Duda, Katarzyna M. and {K{\k{e}}dzierska}, Ewa and Kaczor, Agnieszka A.},
	year = {2020},
	month = {01},
	date = {2020-01-19},
	journal = {Biomolecules},
	pages = {E160},
	volume = {10},
	number = {1},
	doi = {10.3390/biom10010160},
	note = {PMID: 31963851
PMCID: PMC7022578},
	langid = {eng}
}

@article{sahu2019,
	title = {Culturing primary neurons from rat hippocampus and cortex},
	author = {Sahu, Madhusmita Priyadarshini and {Nikkilä}, Outi and {Lågas}, Seija and Kolehmainen, Sulo and {Castrén}, Eero},
	year = {2019},
	month = {06},
	date = {2019-06},
	journal = {Neuronal Signaling},
	pages = {NS20180207},
	volume = {3},
	number = {2},
	doi = {10.1042/NS20180207},
	note = {PMID: 32714598
PMCID: PMC7363313},
	langid = {eng}
}

@article{takahashi2006,
	title = {Induction of pluripotent stem cells from mouse embryonic and adult fibroblast cultures by defined factors},
	author = {Takahashi, Kazutoshi and Yamanaka, Shinya},
	year = {2006},
	month = {08},
	date = {2006-08-25},
	journal = {Cell},
	pages = {663--676},
	volume = {126},
	number = {4},
	doi = {10.1016/j.cell.2006.07.024},
	note = {PMID: 16904174},
	langid = {eng}
}

@article{brennand2011,
	title = {Modelling schizophrenia using human induced pluripotent stem cells},
	author = {Brennand, Kristen J. and Simone, Anthony and Jou, Jessica and Gelboin-Burkhart, Chelsea and Tran, Ngoc and Sangar, Sarah and Li, Yan and Mu, Yangling and Chen, Gong and Yu, Diana and McCarthy, Shane and Sebat, Jonathan and Gage, Fred H.},
	year = {2011},
	month = {05},
	date = {2011-05-12},
	journal = {Nature},
	pages = {221--225},
	volume = {473},
	number = {7346},
	doi = {10.1038/nature09915},
	note = {PMID: 21490598
PMCID: PMC3392969},
	langid = {eng}
}

@article{mohamed2019,
	title = {One Step Into the Future: New iPSC Tools to Advance Research in Parkinson's Disease and Neurological Disorders},
	author = {Mohamed, Nguyen-Vi and Larroquette, {Frédérique} and Beitel, Lenore K. and Fon, Edward A. and Durcan, Thomas M.},
	year = {2019},
	date = {2019},
	journal = {Journal of Parkinson's Disease},
	pages = {265--281},
	volume = {9},
	number = {2},
	doi = {10.3233/JPD-181515},
	note = {PMID: 30741685
PMCID: PMC6597965},
	langid = {eng}
}

@article{mcneill2020,
	title = {Mental health dished up{\textemdash}the use of iPSC models in neuropsychiatric research},
	author = {McNeill, Rhiannon V. and Ziegler, Georg C. and Radtke, Franziska and Nieberler, Matthias and Lesch, Klaus-Peter and Kittel-Schneider, Sarah},
	year = {2020},
	month = {11},
	date = {2020-11},
	journal = {Journal of Neural Transmission},
	pages = {1547--1568},
	volume = {127},
	number = {11},
	doi = {10.1007/s00702-020-02197-9},
	url = {https://link.springer.com/10.1007/s00702-020-02197-9},
	langid = {en}
}

@article{ma2017,
	title = {Generation of a human induced pluripotent stem cell (iPSC) line carrying the Parkinson's disease linked LRRK2 variant S1647T},
	author = {Ma, Dongrui and Ng, Shin Hui and Zeng, Li and Zhao, Yi and Tan, Eng King},
	year = {2017},
	month = {01},
	date = {2017-01},
	journal = {Stem Cell Research},
	pages = {54--56},
	volume = {18},
	doi = {10.1016/j.scr.2016.12.010},
	note = {PMID: 28395805},
	langid = {eng}
}

@article{laiosa2006,
	title = {Reprogramming of committed T cell progenitors to macrophages and dendritic cells by C/EBP alpha and PU.1 transcription factors},
	author = {Laiosa, Catherine V. and Stadtfeld, Matthias and Xie, Huafeng and de Andres-Aguayo, Luisa and Graf, Thomas},
	year = {2006},
	month = {11},
	date = {2006-11},
	journal = {Immunity},
	pages = {731--744},
	volume = {25},
	number = {5},
	doi = {10.1016/j.immuni.2006.09.011},
	note = {PMID: 17088084},
	langid = {eng}
}

@article{ieda2010,
	title = {Direct reprogramming of fibroblasts into functional cardiomyocytes by defined factors},
	author = {Ieda, Masaki and Fu, Ji-Dong and Delgado-Olguin, Paul and Vedantham, Vasanth and Hayashi, Yohei and Bruneau, Benoit G. and Srivastava, Deepak},
	year = {2010},
	month = {08},
	date = {2010-08-06},
	journal = {Cell},
	pages = {375--386},
	volume = {142},
	number = {3},
	doi = {10.1016/j.cell.2010.07.002},
	note = {PMID: 20691899
PMCID: PMC2919844},
	langid = {eng}
}

@article{song2012,
	title = {Heart repair by reprogramming non-myocytes with cardiac transcription factors},
	author = {Song, Kunhua and Nam, Young-Jae and Luo, Xiang and Qi, Xiaoxia and Tan, Wei and Huang, Guo N. and Acharya, Asha and Smith, Christopher L. and Tallquist, Michelle D. and Neilson, Eric G. and Hill, Joseph A. and Bassel-Duby, Rhonda and Olson, Eric N.},
	year = {2012},
	month = {05},
	date = {2012-05-13},
	journal = {Nature},
	pages = {599--604},
	volume = {485},
	number = {7400},
	doi = {10.1038/nature11139},
	note = {PMID: 22660318
PMCID: PMC3367390},
	langid = {eng}
}

@article{yoo2011,
	title = {MicroRNA-mediated conversion of human fibroblasts to neurons},
	author = {Yoo, Andrew S. and Sun, Alfred X. and Li, Li and Shcheglovitov, Aleksandr and Portmann, Thomas and Li, Yulong and Lee-Messer, Chris and Dolmetsch, Ricardo E. and Tsien, Richard W. and Crabtree, Gerald R.},
	year = {2011},
	month = {07},
	date = {2011-07-13},
	journal = {Nature},
	pages = {228--231},
	volume = {476},
	number = {7359},
	doi = {10.1038/nature10323},
	note = {PMID: 21753754
PMCID: PMC3348862},
	langid = {eng}
}

@article{wang2021,
	title = {Direct cell reprogramming: approaches, mechanisms and progress},
	author = {Wang, Haofei and Yang, Yuchen and Liu, Jiandong and Qian, Li},
	year = {2021},
	month = {06},
	date = {2021-06},
	journal = {Nature Reviews Molecular Cell Biology},
	pages = {410--424},
	volume = {22},
	number = {6},
	doi = {10.1038/s41580-021-00335-z},
	url = {https://www.nature.com/articles/s41580-021-00335-z},
	langid = {en}
}

@article{lancaster2013,
	title = {Cerebral organoids model human brain development and microcephaly},
	author = {Lancaster, Madeline A. and Renner, Magdalena and Martin, Carol-Anne and Wenzel, Daniel and Bicknell, Louise S. and Hurles, Matthew E. and Homfray, Tessa and Penninger, Josef M. and Jackson, Andrew P. and Knoblich, Juergen A.},
	year = {2013},
	month = {09},
	date = {2013-09-19},
	journal = {Nature},
	pages = {373--379},
	volume = {501},
	number = {7467},
	doi = {10.1038/nature12517},
	url = {https://www.nature.com/articles/nature12517},
	langid = {en}
}

@inbook{wilson2013,
	title = {Human Cell Models for Schizophrenia},
	author = {Wilson, Ashley M. and Sawa, Akira},
	editor = {Silverstein, Steven M. and Moghaddam, Bita and Wykes, Til},
	year = {2013},
	date = {2013},
	publisher = {MIT Press},
	url = {http://www.ncbi.nlm.nih.gov/books/NBK569659/},
	note = {PMID: 33886228},
	address = {Cambridge (MA)},
	langid = {eng}
}

@book{schaffner2013,
	title = {Reduction and Reductionism in Psychiatry},
	author = {Schaffner, Kenneth F.},
	editor = {Fulford, K.W.M. and Davies, Martin and Gipps, Richard G.T. and Graham, George and Sadler, John Z. and Stanghellini, Giovanni and Thornton, Tim},
	year = {2013},
	month = {09},
	date = {2013-09-05},
	publisher = {Oxford University Press},
	volume = {1},
	doi = {10.1093/oxfordhb/9780199579563.013.0059},
	url = {http://oxfordhandbooks.com/view/10.1093/oxfordhb/9780199579563.001.0001/oxfordhb-9780199579563-e-059},
	note = {DOI: 10.1093/oxfordhb/9780199579563.013.0059},
	langid = {en}
}

@article{alawieh2012,
	title = {Systems Biology, Bioinformatics, and Biomarkers in Neuropsychiatry},
	author = {Alawieh, Ali and Zaraket, Fadi A. and Li, Jian-Liang and Mondello, Stefania and Nokkari, Amaly and Razafsha, Mahdi and Fadlallah, Bilal and Boustany, Rose-Mary and Kobeissy, Firas H.},
	year = {2012},
	date = {2012},
	journal = {Frontiers in Neuroscience},
	volume = {6},
	doi = {10.3389/fnins.2012.00187},
	url = {http://journal.frontiersin.org/article/10.3389/fnins.2012.00187/abstract}
}

@article{hidalgo2009,
	title = {A Dynamic Network Approach for the Study of Human Phenotypes},
	author = {Hidalgo, {César A.} and Blumm, Nicholas and {Barabási}, {Albert-László} and Christakis, Nicholas A.},
	editor = {Meyers, Lauren Ancel},
	year = {2009},
	month = {04},
	date = {2009-04-10},
	journal = {PLoS Computational Biology},
	pages = {e1000353},
	volume = {5},
	number = {4},
	doi = {10.1371/journal.pcbi.1000353},
	url = {https://dx.plos.org/10.1371/journal.pcbi.1000353},
	langid = {en}
}

@article{mo2009,
	title = {Understanding human metabolic physiology: a genome-to-systems approach},
	author = {Mo, Monica L. and Palsson, {Bernhard Ø.}},
	year = {2009},
	month = {01},
	date = {2009-01},
	journal = {Trends in Biotechnology},
	pages = {37--44},
	volume = {27},
	number = {1},
	doi = {10.1016/j.tibtech.2008.09.007},
	url = {https://linkinghub.elsevier.com/retrieve/pii/S0167779908002667},
	langid = {en}
}

@article{johnson2019,
	title = {Integrative Omics In Psychiatric Diseases: Tools For Discovery and Understanding Biology},
	author = {Johnson, Eric and Bierut, Laura and Cox, Nancy},
	year = {2019},
	date = {2019},
	journal = {European Neuropsychopharmacology},
	pages = {S741--S742},
	volume = {29},
	doi = {10.1016/j.euroneuro.2017.06.073},
	url = {https://linkinghub.elsevier.com/retrieve/pii/S0924977X17303504},
	langid = {en}
}

@article{montagud2021,
	title = {Systems biology at the giga-scale: Large multiscale models of complex, heterogeneous multicellular systems},
	author = {Montagud, Arnau and Ponce-de-Leon, Miguel and Valencia, Alfonso},
	year = {2021},
	month = {12},
	date = {2021-12},
	journal = {Current Opinion in Systems Biology},
	pages = {100385},
	volume = {28},
	doi = {10.1016/j.coisb.2021.100385},
	url = {https://linkinghub.elsevier.com/retrieve/pii/S2452310021000792},
	langid = {en}
}

@article{liu2005,
	title = {Systems Biology, Integrative Biology, Predictive Biology},
	author = {Liu, Edison T.},
	year = {2005},
	month = {05},
	date = {2005-05},
	journal = {Cell},
	pages = {505--506},
	volume = {121},
	number = {4},
	doi = {10.1016/j.cell.2005.04.021},
	url = {https://linkinghub.elsevier.com/retrieve/pii/S0092867405004010},
	langid = {en}
}

@article{trewavas2006,
	title = {A brief history of systems biology. {"}Every object that biology studies is a system of systems.{"} Francois Jacob (1974)},
	author = {Trewavas, Anthony},
	year = {2006},
	month = {10},
	date = {2006-10},
	journal = {The Plant Cell},
	pages = {2420--2430},
	volume = {18},
	number = {10},
	doi = {10.1105/tpc.106.042267},
	note = {PMID: 17088606
PMCID: PMC1626627},
	langid = {eng}
}

@article{manzoni2018,
	title = {Genome, transcriptome and proteome: the rise of omics data and their integration in biomedical sciences},
	author = {Manzoni, Claudia and Kia, Demis A. and Vandrovcova, Jana and Hardy, John and Wood, Nicholas W. and Lewis, Patrick A. and Ferrari, Raffaele},
	year = {2018},
	month = {03},
	date = {2018-03-01},
	journal = {Briefings in Bioinformatics},
	pages = {286--302},
	volume = {19},
	number = {2},
	doi = {10.1093/bib/bbw114},
	note = {PMID: 27881428
PMCID: PMC6018996},
	langid = {eng}
}


@article{chen_systems_2012,
	title = {Systems biology: personalized medicine for the future?},
	volume = {12},
	issn = {1471-4973},
	shorttitle = {Systems biology},
	doi = {10.1016/j.coph.2012.07.011},
	language = {eng},
	number = {5},
	journal = {Current Opinion in Pharmacology},
	author = {Chen, Rui and Snyder, Michael},
	month = oct,
	year = {2012},
	pmid = {22858243},
	pmcid = {PMC4076046},
	keywords = {Delivery of Health Care, Genome, Humans, Metabolome, Precision Medicine, Proteome, Systems Biology},
	pages = {623--628},
	file = {Accepted Version:/Users/anselm/Zotero/storage/GSFZGHRE/Chen and Snyder - 2012 - Systems biology personalized medicine for the fut.pdf:application/pdf},
}


@article{chen2013,
	title = {Promise of personalized omics to precision medicine},
	author = {Chen, Rui and Snyder, Michael},
	year = {2013},
	month = {02},
	date = {2013-02},
	journal = {Wiley Interdisciplinary Reviews. Systems Biology and Medicine},
	pages = {73--82},
	volume = {5},
	number = {1},
	doi = {10.1002/wsbm.1198},
	note = {PMID: 23184638
PMCID: PMC4154620},
	langid = {eng}
}

@article{filipp2017,
	title = {Precision medicine driven by cancer systems biology},
	author = {Filipp, Fabian V.},
	year = {2017},
	month = {03},
	date = {2017-03},
	journal = {Cancer and Metastasis Reviews},
	pages = {91--108},
	volume = {36},
	number = {1},
	doi = {10.1007/s10555-017-9662-4},
	url = {http://link.springer.com/10.1007/s10555-017-9662-4},
	langid = {en}
}

@article{guan2022,
	title = {Integrative omics of schizophrenia: from genetic determinants to clinical classification and risk prediction},
	author = {Guan, Fanglin and Ni, Tong and Zhu, Weili and Williams, L. Keoki and Cui, Long-Biao and Li, Ming and Tubbs, Justin and Sham, Pak-Chung and Gui, Hongsheng},
	year = {2022},
	month = {01},
	date = {2022-01},
	journal = {Molecular Psychiatry},
	pages = {113--126},
	volume = {27},
	number = {1},
	doi = {10.1038/s41380-021-01201-2},
	url = {https://www.nature.com/articles/s41380-021-01201-2},
	langid = {en}
}

@article{lisoway2021,
	title = {Toward personalized medicine in schizophrenia: Genetics and epigenetics of antipsychotic treatment},
	author = {Lisoway, Amanda J. and Chen, Cheng C. and Zai, Clement C. and Tiwari, Arun K. and Kennedy, James L.},
	year = {2021},
	month = {06},
	date = {2021-06},
	journal = {Schizophrenia Research},
	pages = {112--124},
	volume = {232},
	doi = {10.1016/j.schres.2021.05.010},
	note = {PMID: 34049235},
	langid = {eng}
}

@article{collins2015,
	title = {A new initiative on precision medicine},
	author = {Collins, Francis S. and Varmus, Harold},
	year = {2015},
	month = {02},
	date = {2015-02-26},
	journal = {The New England Journal of Medicine},
	pages = {793--795},
	volume = {372},
	number = {9},
	doi = {10.1056/NEJMp1500523},
	note = {PMID: 25635347
PMCID: PMC5101938},
	langid = {eng}
}

@article{allofusresearchprograminvestigators2019,
	title = {The {"}All of Us{"} Research Program},
	author = {All of Us Research Program Investigators,  and Denny, Joshua C. and Rutter, Joni L. and Goldstein, David B. and Philippakis, Anthony and Smoller, Jordan W. and Jenkins, Gwynne and Dishman, Eric},
	year = {2019},
	month = {08},
	date = {2019-08-15},
	journal = {The New England Journal of Medicine},
	pages = {668--676},
	volume = {381},
	number = {7},
	doi = {10.1056/NEJMsr1809937},
	note = {PMID: 31412182
PMCID: PMC8291101},
	langid = {eng}
}

@article{jagiella2017,
	title = {Parallelization and High-Performance Computing Enables Automated Statistical Inference of Multi-scale Models},
	author = {Jagiella, Nick and Rickert, Dennis and Theis, Fabian J. and Hasenauer, Jan},
	year = {2017},
	month = {02},
	date = {2017-02},
	journal = {Cell Systems},
	pages = {194--206.e9},
	volume = {4},
	number = {2},
	doi = {10.1016/j.cels.2016.12.002},
	url = {https://linkinghub.elsevier.com/retrieve/pii/S2405471216304124},
	langid = {en}
}

@article{huys2016,
	title = {Computational psychiatry as a bridge from neuroscience to clinical applications},
	author = {Huys, Quentin J M and Maia, Tiago V and Frank, Michael J},
	year = {2016},
	month = {03},
	date = {2016-03},
	journal = {Nature Neuroscience},
	pages = {404--413},
	volume = {19},
	number = {3},
	doi = {10.1038/nn.4238},
	url = {http://www.nature.com/articles/nn.4238},
	langid = {en}
}


@article{sullivan_psychiatric_2018,
	title = {Psychiatric {Genomics}: {An} {Update} and an {Agenda}},
	volume = {175},
	issn = {0002-953X, 1535-7228},
	shorttitle = {Psychiatric {Genomics}},
	url = {http://ajp.psychiatryonline.org/doi/10.1176/appi.ajp.2017.17030283},
	doi = {10.1176/appi.ajp.2017.17030283},
	language = {en},
	number = {1},
	urldate = {2022-06-30},
	journal = {American Journal of Psychiatry},
	author = {Sullivan, Patrick F. and Agrawal, Arpana and Bulik, Cynthia M. and Andreassen, Ole A. and Børglum, Anders D. and Breen, Gerome and Cichon, Sven and Edenberg, Howard J. and Faraone, Stephen V. and Gelernter, Joel and Mathews, Carol A. and Nievergelt, Caroline M. and Smoller, Jordan W. and O’Donovan, Michael C. and {for the Psychiatric Genomics Consortium}},
	month = jan,
	year = {2018},
	pages = {15--27},
	file = {Full Text:/Users/anselm/Zotero/storage/N2N54AS3/Sullivan et al. - 2018 - Psychiatric Genomics An Update and an Agenda.pdf:application/pdf},
}


@article{tobin1997,
	title = {Chaos theory, psychiatry, and a quiet revolution},
	author = {Tobin, John},
	year = {1997},
	month = {09},
	date = {1997-09},
	journal = {Irish Journal of Psychological Medicine},
	pages = {112--114},
	volume = {14},
	number = {3},
	doi = {10.1017/S0790966700003244},
	url = {https://www.cambridge.org/core/product/identifier/S0790966700003244/type/journal_article},
	langid = {en}
}

@article{barabási2011,
	title = {Network medicine: a network-based approach to human disease},
	author = {{Barabási}, {Albert-László} and Gulbahce, Natali and Loscalzo, Joseph},
	year = {2011},
	month = {01},
	date = {2011-01},
	journal = {Nature Reviews Genetics},
	pages = {56--68},
	volume = {12},
	number = {1},
	doi = {10.1038/nrg2918},
	url = {http://www.nature.com/articles/nrg2918},
	langid = {en}
}

@article{saxe2016,
	title = {A Complex Systems Approach to Causal Discovery in Psychiatry},
	author = {Saxe, Glenn N. and Statnikov, Alexander and Fenyo, David and Ren, Jiwen and Li, Zhiguo and Prasad, Meera and Wall, Dennis and Bergman, Nora and Briggs, Ernestine C. and Aliferis, Constantin},
	editor = {Seedat, Soraya},
	year = {2016},
	month = {03},
	date = {2016-03-30},
	journal = {PLOS ONE},
	pages = {e0151174},
	volume = {11},
	number = {3},
	doi = {10.1371/journal.pone.0151174},
	url = {https://dx.plos.org/10.1371/journal.pone.0151174},
	langid = {en}
}

@article{hsu2008,
	title = {A protein interaction based model for schizophrenia study},
	author = {Hsu, Pei-Chun and Yang, Ueng-Cheng and Shih, Kuan-Hui and Liu, Chih-Min and Liu, Yu-Li and Hwu, Hai-Gwo},
	year = {2008},
	month = {12},
	date = {2008-12},
	journal = {BMC Bioinformatics},
	pages = {S23},
	volume = {9},
	number = {S12},
	doi = {10.1186/1471-2105-9-S12-S23},
	url = {https://bmcbioinformatics.biomedcentral.com/articles/10.1186/1471-2105-9-S12-S23},
	langid = {en}
}

@article{lee2011,
	title = {Construction and analysis of the protein-protein interaction networks for schizophrenia, bipolar disorder, and major depression},
	author = {Lee, Sheng-An and Tsao, Theresa Tsun-Hui and Yang, Ko-Chun and Lin, Han and Kuo, Yu-Lun and Hsu, Chien-Hsiang and Lee, Wen-Kuei and Huang, Kuo-Chuan and Kao, Cheng-Yan},
	year = {2011},
	date = {2011},
	journal = {BMC bioinformatics},
	pages = {S20},
	volume = {12 Suppl 13},
	doi = {10.1186/1471-2105-12-S13-S20},
	note = {PMID: 22373040
PMCID: PMC3278837},
	langid = {eng}
}

@article{ganapathiraju2016,
	title = {Schizophrenia interactome with 504 novel protein{\textendash}protein interactions},
	author = {Ganapathiraju, Madhavi K and Thahir, Mohamed and Handen, Adam and Sarkar, Saumendra N and Sweet, Robert A and Nimgaonkar, Vishwajit L and Loscher, Christine E and Bauer, Eileen M and Chaparala, Srilakshmi},
	year = {2016},
	month = {11},
	date = {2016-11},
	journal = {npj Schizophrenia},
	pages = {16012},
	volume = {2},
	number = {1},
	doi = {10.1038/npjschz.2016.12},
	url = {http://www.nature.com/articles/npjschz201612},
	langid = {en}
}

@article{luck2020,
	title = {A reference map of the human binary protein interactome},
	author = {Luck, Katja and Kim, Dae-Kyum and Lambourne, Luke and Spirohn, Kerstin and Begg, Bridget E. and Bian, Wenting and Brignall, Ruth and Cafarelli, Tiziana and Campos-Laborie, Francisco J. and Charloteaux, Benoit and Choi, Dongsic and {Coté}, Atina G. and Daley, Meaghan and Deimling, Steven and Desbuleux, Alice and Dricot, {Amélie} and Gebbia, Marinella and Hardy, Madeleine F. and Kishore, Nishka and Knapp, Jennifer J. and {Kovács}, {István A.} and Lemmens, Irma and Mee, Miles W. and Mellor, Joseph C. and Pollis, Carl and Pons, Carles and Richardson, Aaron D. and Schlabach, Sadie and Teeking, Bridget and Yadav, Anupama and Babor, Mariana and Balcha, Dawit and Basha, Omer and Bowman-Colin, Christian and Chin, Suet-Feung and Choi, Soon Gang and Colabella, Claudia and Coppin, Georges and {D{\textquoteright}Amata}, Cassandra and De Ridder, David and De Rouck, Steffi and Duran-Frigola, Miquel and Ennajdaoui, Hanane and Goebels, Florian and Goehring, Liana and Gopal, Anjali and Haddad, Ghazal and Hatchi, Elodie and Helmy, Mohamed and Jacob, Yves and Kassa, Yoseph and Landini, Serena and Li, Roujia and van Lieshout, Natascha and MacWilliams, Andrew and Markey, Dylan and Paulson, Joseph N. and Rangarajan, Sudharshan and Rasla, John and Rayhan, Ashyad and Rolland, Thomas and San-Miguel, Adriana and Shen, Yun and Sheykhkarimli, Dayag and Sheynkman, Gloria M. and Simonovsky, Eyal and {Ta{\c{s}}an}, Murat and Tejeda, Alexander and Tropepe, Vincent and Twizere, Jean-Claude and Wang, Yang and Weatheritt, Robert J. and Weile, Jochen and Xia, Yu and Yang, Xinping and Yeger-Lotem, Esti and Zhong, Quan and Aloy, Patrick and Bader, Gary D. and De Las Rivas, Javier and Gaudet, Suzanne and Hao, Tong and Rak, Janusz and Tavernier, Jan and Hill, David E. and Vidal, Marc and Roth, Frederick P. and Calderwood, Michael A.},
	year = {2020},
	month = {04},
	date = {2020-04-16},
	journal = {Nature},
	pages = {402--408},
	volume = {580},
	number = {7803},
	doi = {10.1038/s41586-020-2188-x},
	url = {http://www.nature.com/articles/s41586-020-2188-x},
	langid = {en}
}

@article{silbersweig2017,
	title = {Precision Psychiatry Meets Network Medicine: Network Psychiatry},
	author = {Silbersweig, David and Loscalzo, Joseph},
	year = {2017},
	month = {07},
	date = {2017-07-01},
	journal = {JAMA Psychiatry},
	pages = {665},
	volume = {74},
	number = {7},
	doi = {10.1001/jamapsychiatry.2017.0580},
	url = {http://archpsyc.jamanetwork.com/article.aspx?doi=10.1001/jamapsychiatry.2017.0580},
	langid = {en}
}

@article{chen2019,
	title = {Single-Cell RNA-Seq Technologies and Related Computational Data Analysis},
	author = {Chen, Geng and Ning, Baitang and Shi, Tieliu},
	year = {2019},
	month = {04},
	date = {2019-04-05},
	journal = {Frontiers in Genetics},
	pages = {317},
	volume = {10},
	doi = {10.3389/fgene.2019.00317},
	url = {https://www.frontiersin.org/article/10.3389/fgene.2019.00317/full}
}


@article{li_integrative_2018,
	title = {Integrative functional genomic analysis of human brain development and neuropsychiatric risks},
	volume = {362},
	issn = {1095-9203},
	doi = {10.1126/science.aat7615},
	language = {eng},
	number = {6420},
	journal = {Science (New York, N.Y.)},
	author = {Li, Mingfeng and Santpere, Gabriel and Imamura Kawasawa, Yuka and Evgrafov, Oleg V. and Gulden, Forrest O. and Pochareddy, Sirisha and Sunkin, Susan M. and Li, Zhen and Shin, Yurae and Zhu, Ying and Sousa, André M. M. and Werling, Donna M. and Kitchen, Robert R. and Kang, Hyo Jung and Pletikos, Mihovil and Choi, Jinmyung and Muchnik, Sydney and Xu, Xuming and Wang, Daifeng and Lorente-Galdos, Belen and Liu, Shuang and Giusti-Rodríguez, Paola and Won, Hyejung and de Leeuw, Christiaan A. and Pardiñas, Antonio F. and {BrainSpan Consortium} and {PsychENCODE Consortium} and {PsychENCODE Developmental Subgroup} and Hu, Ming and Jin, Fulai and Li, Yun and Owen, Michael J. and O'Donovan, Michael C. and Walters, James T. R. and Posthuma, Danielle and Reimers, Mark A. and Levitt, Pat and Weinberger, Daniel R. and Hyde, Thomas M. and Kleinman, Joel E. and Geschwind, Daniel H. and Hawrylycz, Michael J. and State, Matthew W. and Sanders, Stephan J. and Sullivan, Patrick F. and Gerstein, Mark B. and Lein, Ed S. and Knowles, James A. and Sestan, Nenad},
	month = dec,
	year = {2018},
	pmid = {30545854},
	pmcid = {PMC6413317},
	keywords = {Brain, Epigenesis, Genetic, Epigenomics, Gene Expression Regulation, Developmental, Gene Regulatory Networks, Humans, Mental Disorders, Nervous System Diseases, Neurogenesis, Single-Cell Analysis, Transcriptome},
	pages = {eaat7615},
	file = {Accepted Version:/Users/anselm/Zotero/storage/WXA6WB9I/Li et al. - 2018 - Integrative functional genomic analysis of human b.pdf:application/pdf},
}


@article{lin2020,
	title = {A Review on Applications of Computational Methods in Drug Screening and Design},
	author = {Lin, Xiaoqian and Li, Xiu and Lin, Xubo},
	year = {2020},
	month = {03},
	date = {2020-03-18},
	journal = {Molecules (Basel, Switzerland)},
	pages = {E1375},
	volume = {25},
	number = {6},
	doi = {10.3390/molecules25061375},
	note = {PMID: 32197324
PMCID: PMC7144386},
	langid = {eng}
}

@article{herwig2014,
	title = {Computational modeling of drug response with applications to neuroscience},
	author = {Herwig, Ralf},
	year = {2014},
	month = {12},
	date = {2014-12},
	journal = {Dialogues in Clinical Neuroscience},
	pages = {465--477},
	volume = {16},
	number = {4},
	note = {PMID: 25733952
PMCID: PMC4336917},
	langid = {eng}
}

@article{abbott2015,
	title = {Mediators call for change to science of Human Brain Project},
	author = {Abbott, Alison},
	year = {2015},
	month = {03},
	date = {2015-03-09},
	journal = {Nature},
	pages = {nature.2015.17082},
	doi = {10.1038/nature.2015.17082},
	url = {http://www.nature.com/articles/nature.2015.17082},
	langid = {en}
}

@article{sejnowski1988,
	title = {Computational Neuroscience},
	author = {Sejnowski, Terrence J. and Koch, Christof and Churchland, Patricia S.},
	year = {1988},
	month = {09},
	date = {1988-09-09},
	journal = {Science},
	pages = {1299--1306},
	volume = {241},
	number = {4871},
	doi = {10.1126/science.3045969},
	url = {https://www.science.org/doi/10.1126/science.3045969},
	langid = {en}
}

@article{montague2012,
	title = {Computational psychiatry},
	author = {Montague, P. Read and Dolan, Raymond J. and Friston, Karl J. and Dayan, Peter},
	year = {2012},
	month = {01},
	date = {2012-01},
	journal = {Trends in Cognitive Sciences},
	pages = {72--80},
	volume = {16},
	number = {1},
	doi = {10.1016/j.tics.2011.11.018},
	url = {https://linkinghub.elsevier.com/retrieve/pii/S1364661311002518},
	langid = {en}
}
