
@article{winsky2005,
	title = {Perspective on the status of preclinical models for psychiatric disorders},
	author = {Winsky, Lois and Brady, Linda},
	year = {2005},
	month = {12},
	date = {2005-12},
	journal = {Drug Discovery Today: Disease Models},
	pages = {279--283},
	volume = {2},
	number = {4},
	doi = {10.1016/j.ddmod.2005.11.007},
	url = {https://linkinghub.elsevier.com/retrieve/pii/S1740675705000575},
	langid = {en}
}

@article{stanford2020,
	title = {Some Reasons Why Preclinical Studies of Psychiatric Disorders Fail to Translate: What Can Be Rescued from the Misunderstanding and Misuse of Animal {\textquoteleft}Models{\textquoteright}?},
	author = {Stanford, S. Clare},
	year = {2020},
	month = {05},
	date = {2020-05},
	journal = {Alternatives to Laboratory Animals},
	pages = {106--115},
	volume = {48},
	number = {3},
	doi = {10.1177/0261192920939876},
	url = {http://journals.sagepub.com/doi/10.1177/0261192920939876},
	langid = {en}
}

@article{seyhan2019,
	title = {Lost in translation: the valley of death across preclinical and clinical divide {\textendash} identification of problems and overcoming obstacles},
	author = {Seyhan, Attila A.},
	year = {2019},
	month = {12},
	date = {2019-12},
	journal = {Translational Medicine Communications},
	pages = {18},
	volume = {4},
	number = {1},
	doi = {10.1186/s41231-019-0050-7},
	url = {https://transmedcomms.biomedcentral.com/articles/10.1186/s41231-019-0050-7},
	langid = {en}
}

@article{bowling2016,
	title = {Unlocking the molecular mechanisms of antipsychotics - a new frontier for discovery},
	author = {Bowling, Heather and Santini, Emanuela},
	year = {2016},
	date = {2016},
	journal = {Swiss Medical Weekly},
	pages = {w14314},
	volume = {146},
	doi = {10.4414/smw.2016.14314},
	note = {PMID: 27399321},
	langid = {eng}
}

@article{meredith2011,
	title = {MPTP mouse models of Parkinson's disease: an update},
	author = {Meredith, Gloria E. and Rademacher, David J.},
	year = {2011},
	date = {2011},
	journal = {Journal of Parkinson's Disease},
	pages = {19--33},
	volume = {1},
	number = {1},
	doi = {10.3233/JPD-2011-11023},
	note = {PMID: 23275799
PMCID: PMC3530193},
	langid = {eng}
}

@article{robbins2017,
	title = {Animal Models of Hallucinations Observed Through the Modern Lens},
	author = {Robbins, T. W.},
	year = {2017},
	month = {01},
	date = {2017-01},
	journal = {Schizophrenia Bulletin},
	pages = {24--26},
	volume = {43},
	number = {1},
	doi = {10.1093/schbul/sbw134},
	note = {PMID: 28053128
PMCID: PMC5216861},
	langid = {eng}
}

@inbook{odonnell2013,
	title = {How Can Animal Models Be Better Utilized?},
	author = {{O{\textquoteright}Donnell}, Patricio},
	editor = {Silverstein, Steven M. and Moghaddam, Bita and Wykes, Til},
	year = {2013},
	date = {2013},
	publisher = {MIT Press},
	url = {http://www.ncbi.nlm.nih.gov/books/NBK569641/},
	note = {PMID: 33886216},
	address = {Cambridge (MA)},
	langid = {eng}
}

@article{feifel2010,
	title = {Promise and pitfalls of animal models of schizophrenia},
	author = {Feifel, David and Shilling, Paul D.},
	year = {2010},
	month = {08},
	date = {2010-08},
	journal = {Current Psychiatry Reports},
	pages = {327--334},
	volume = {12},
	number = {4},
	doi = {10.1007/s11920-010-0122-x},
	note = {PMID: 20544314
PMCID: PMC2895894},
	langid = {eng}
}

@article{pratt2012,
	title = {Advancing schizophrenia drug discovery: optimizing rodent models to bridge the translational gap},
	author = {Pratt, Judith and Winchester, Catherine and Dawson, Neil and Morris, Brian},
	year = {2012},
	month = {06},
	date = {2012-06-22},
	journal = {Nature Reviews. Drug Discovery},
	pages = {560--579},
	volume = {11},
	number = {7},
	doi = {10.1038/nrd3649},
	note = {PMID: 22722532},
	langid = {eng}
}

@article{jones2011,
	title = {Animal models of schizophrenia},
	author = {Jones, C. A. and Watson, D. J. G. and Fone, K. C. F.},
	year = {2011},
	month = {10},
	date = {2011-10},
	journal = {British Journal of Pharmacology},
	pages = {1162--1194},
	volume = {164},
	number = {4},
	doi = {10.1111/j.1476-5381.2011.01386.x},
	note = {PMID: 21449915
PMCID: PMC3229756},
	langid = {eng}
}

@article{winship2019,
	title = {An Overview of Animal Models Related to Schizophrenia},
	author = {Winship, Ian R. and Dursun, Serdar M. and Baker, Glen B. and Balista, Priscila A. and Kandratavicius, Ludmyla and Maia-de-Oliveira, Joao Paulo and Hallak, Jaime and Howland, John G.},
	year = {2019},
	month = {01},
	date = {2019-01},
	journal = {The Canadian Journal of Psychiatry},
	pages = {5--17},
	volume = {64},
	number = {1},
	doi = {10.1177/0706743718773728},
	url = {http://journals.sagepub.com/doi/10.1177/0706743718773728},
	langid = {en}
}

@article{powell2006,
	title = {Schizophrenia-relevant behavioral testing in rodent models: a uniquely human disorder?},
	author = {Powell, Craig M. and Miyakawa, Tsuyoshi},
	year = {2006},
	month = {06},
	date = {2006-06-15},
	journal = {Biological Psychiatry},
	pages = {1198--1207},
	volume = {59},
	number = {12},
	doi = {10.1016/j.biopsych.2006.05.008},
	note = {PMID: 16797265
PMCID: PMC3928106},
	langid = {eng}
}

@article{shen1999,
	title = {A history of antipsychotic drug development},
	author = {Shen, Winston W},
	year = {1999},
	month = {11},
	date = {1999-11},
	journal = {Comprehensive Psychiatry},
	pages = {407--414},
	volume = {40},
	number = {6},
	doi = {10.1016/S0010-440X(99)90082-2},
	url = {https://linkinghub.elsevier.com/retrieve/pii/S0010440X99900822},
	langid = {en}
}

@article{wadenberg2000,
	title = {Dopamine D2 receptor occupancy predicts catalepsy and the suppression of conditioned avoidance response behavior in rats},
	author = {Wadenberg, M. L. and Kapur, S. and Soliman, A. and Jones, C. and Vaccarino, F.},
	year = {2000},
	month = {07},
	date = {2000-07},
	journal = {Psychopharmacology},
	pages = {422--429},
	volume = {150},
	number = {4},
	doi = {10.1007/s002130000466},
	note = {PMID: 10958084},
	langid = {eng}
}

@article{fog1969,
	title = {Stereotyped and non-stereotyped behaviour in rats induced by various stimulant drugs},
	author = {Fog, Rasmus},
	year = {1969},
	month = {08},
	date = {1969-08},
	journal = {Psychopharmacologia},
	pages = {299--304},
	volume = {14},
	number = {4},
	doi = {10.1007/BF02190114},
	url = {http://link.springer.com/10.1007/BF02190114},
	langid = {en}
}

@article{langen2011,
	title = {The neurobiology of repetitive behavior: of mice{\ldots}},
	author = {Langen, Marieke and Kas, Martien J. H. and Staal, Wouter G. and van Engeland, Herman and Durston, Sarah},
	year = {2011},
	month = {01},
	date = {2011-01},
	journal = {Neuroscience and Biobehavioral Reviews},
	pages = {345--355},
	volume = {35},
	number = {3},
	doi = {10.1016/j.neubiorev.2010.02.004},
	note = {PMID: 20156480},
	langid = {eng}
}

@article{nsimba2009,
	title = {Effects of daily chlorpromazine administration on behavioural and physiological parameters in the rat},
	author = {Nsimba, S. E. D.},
	year = {2009},
	month = {09},
	date = {2009-09},
	journal = {Indian Journal of Physiology and Pharmacology},
	pages = {209--218},
	volume = {53},
	number = {3},
	note = {PMID: 20329367},
	langid = {eng}
}

@article{alonso2015,
	title = {Animal models of obsessive{\textendash}compulsive disorder: utility and limitations},
	author = {Alonso, Pino and {López Solà}, Clara and Real, Eva and {Segalàs}, Cinto and Menchon, Jose M},
	year = {2015},
	month = {08},
	date = {2015-08},
	journal = {Neuropsychiatric Disease and Treatment},
	pages = {1939},
	doi = {10.2147/NDT.S62785},
	url = {http://www.dovepress.com/animal-models-of-obsessivendashcompulsive-disorder-utility-and-limitat-peer-reviewed-article-NDT},
	langid = {en}
}

@inbook{geyer2002,
	title = {Animal Models Relevant to Schizophrenia Disorders},
	author = {Geyer, Mark A and Moghaddam, Bita},
	year = {2002},
	date = {2002},
	publisher = {Lippincott Williams & Wilkins},
	pages = {689--700},
	langid = {en}
}

@article{graham1975,
	title = {The More or Less Startling Effects of Weak Prestimulation},
	author = {Graham, Frances K.},
	year = {1975},
	month = {05},
	date = {1975-05},
	journal = {Psychophysiology},
	pages = {238--248},
	volume = {12},
	number = {3},
	doi = {10.1111/j.1469-8986.1975.tb01284.x},
	url = {https://onlinelibrary.wiley.com/doi/10.1111/j.1469-8986.1975.tb01284.x},
	langid = {en}
}

@article{ralphwilliams2003,
	title = {Dopamine D1 Rather than D2 Receptor Agonists Disrupt Prepulse Inhibition of Startle in Mice},
	author = {Ralph-Williams, Rebecca J and Lehmann-Masten, Virginia and Geyer, Mark A},
	year = {2003},
	month = {01},
	date = {2003-01},
	journal = {Neuropsychopharmacology},
	pages = {108--118},
	volume = {28},
	number = {1},
	doi = {10.1038/sj.npp.1300017},
	url = {http://www.nature.com/articles/1300017},
	langid = {en}
}

@article{powell2009,
	title = {Prepulse inhibition and genetic mouse models of schizophrenia},
	author = {Powell, Susan B. and Zhou, Xianjin and Geyer, Mark A.},
	year = {2009},
	month = {12},
	date = {2009-12-07},
	journal = {Behavioural Brain Research},
	pages = {282--294},
	volume = {204},
	number = {2},
	doi = {10.1016/j.bbr.2009.04.021},
	note = {PMID: 19397931
PMCID: PMC2735602},
	langid = {eng}
}

@article{levin2007,
	title = {Clozapine treatment reverses dizocilpine-induced deficits of pre-pulse inhibition of tactile startle response},
	author = {Levin, Edward D. and Caldwell, D. Patrick and Perraut, Charles},
	year = {2007},
	month = {03},
	date = {2007-03},
	journal = {Pharmacology, Biochemistry, and Behavior},
	pages = {597--605},
	volume = {86},
	number = {3},
	doi = {10.1016/j.pbb.2007.02.005},
	note = {PMID: 17355891
PMCID: PMC1976186},
	langid = {eng}
}

@article{keith1991,
	title = {Failure of haloperidol to block the effects of phencyclidine and dizocilpine on prepulse inhibition of startle},
	author = {Keith, V. A. and Mansbach, R. S. and Geyer, M. A.},
	year = {1991},
	month = {09},
	date = {1991-09-15},
	journal = {Biological Psychiatry},
	pages = {557--566},
	volume = {30},
	number = {6},
	doi = {10.1016/0006-3223(91)90025-h},
	note = {PMID: 1834231},
	langid = {eng}
}

@article{wilson2014,
	title = {Social interaction and social withdrawal in rodents as readouts for investigating the negative symptoms of schizophrenia},
	author = {Wilson, Christina A. and Koenig, James I.},
	year = {2014},
	month = {05},
	date = {2014-05},
	journal = {European Neuropsychopharmacology: The Journal of the European College of Neuropsychopharmacology},
	pages = {759--773},
	volume = {24},
	number = {5},
	doi = {10.1016/j.euroneuro.2013.11.008},
	note = {PMID: 24342774
PMCID: PMC4481734},
	langid = {eng}
}

@article{vorhees2014,
	title = {Assessing Spatial Learning and Memory in Rodents},
	author = {Vorhees, C. V. and Williams, M. T.},
	year = {2014},
	month = {01},
	date = {2014-01-01},
	journal = {ILAR Journal},
	pages = {310--332},
	volume = {55},
	number = {2},
	doi = {10.1093/ilar/ilu013},
	url = {https://academic.oup.com/ilarjournal/article-lookup/doi/10.1093/ilar/ilu013},
	langid = {en}
}

@article{remmelink2017,
	title = {A one-week 5-choice serial reaction time task to measure impulsivity and attention in adult and adolescent mice},
	author = {Remmelink, Esther and Chau, Uyen and Smit, August B. and Verhage, Matthijs and Loos, Maarten},
	year = {2017},
	month = {03},
	date = {2017-03},
	journal = {Scientific Reports},
	pages = {42519},
	volume = {7},
	number = {1},
	doi = {10.1038/srep42519},
	url = {http://www.nature.com/articles/srep42519},
	langid = {en}
}

@article{fendt1999,
	title = {The neuroanatomical and neurochemical basis of conditioned fear},
	author = {Fendt, M. and Fanselow, M.S.},
	year = {1999},
	month = {05},
	date = {1999-05},
	journal = {Neuroscience & Biobehavioral Reviews},
	pages = {743--760},
	volume = {23},
	number = {5},
	doi = {10.1016/S0149-7634(99)00016-0},
	url = {https://linkinghub.elsevier.com/retrieve/pii/S0149763499000160},
	langid = {en}
}

@article{samsdodd1998,
	title = {Effects of Continuous D-Amphetamine and Phencyclidine Administration on Social Behaviour, Stereotyped Behaviour, and Locomotor Activity in Rats},
	author = {Sams-Dodd, F},
	year = {1998},
	month = {07},
	date = {1998-07},
	journal = {Neuropsychopharmacology},
	pages = {18--25},
	volume = {19},
	number = {1},
	doi = {10.1016/S0893-133X(97)00200-5},
	url = {http://www.nature.com/doifinder/10.1016/S0893-133X(97)00200-5}
}

@article{miczek1981,
	title = {Analysis of Amphetamine Effects on Agonistic and Affiliative Behavior in Squirrel Monkeys (Saimiri sciureus)},
	author = {Miczek, Klaus A. and Woolley, Jacqueline and Schlisserman, Stuart and Yoshimura, Hiroyuki},
	year = {1981},
	month = {01},
	date = {1981-01},
	journal = {Pharmacology Biochemistry and Behavior},
	pages = {103--107},
	volume = {14},
	doi = {10.1016/S0091-3057(81)80017-2},
	url = {https://linkinghub.elsevier.com/retrieve/pii/S0091305781800172},
	langid = {en}
}

@article{olney1989,
	title = {Pathological changes induced in cerebrocortical neurons by phencyclidine and related drugs},
	author = {Olney, J. W. and Labruyere, J. and Price, M. T.},
	year = {1989},
	month = {06},
	date = {1989-06-16},
	journal = {Science (New York, N.Y.)},
	pages = {1360--1362},
	volume = {244},
	number = {4910},
	doi = {10.1126/science.2660263},
	note = {PMID: 2660263},
	langid = {eng}
}

@article{svoboda2015,
	title = {Acute administration of MK-801 in an animal model of psychosis in rats interferes with cognitively demanding forms of behavioral flexibility on a rotating arena},
	author = {Svoboda, Jan and Stankova, Anna and Entlerova, Marie and Stuchlik, Ales},
	year = {2015},
	month = {04},
	date = {2015-04-01},
	journal = {Frontiers in Behavioral Neuroscience},
	volume = {9},
	doi = {10.3389/fnbeh.2015.00075},
	url = {http://journal.frontiersin.org/article/10.3389/fnbeh.2015.00075}
}
