
@article{dupont2009,
	title = {Epigenetics: definition, mechanisms and clinical perspective},
	author = {Dupont, {Cathérine} and Armant, D. Randall and Brenner, Carol A.},
	year = {2009},
	month = {09},
	date = {2009-09},
	journal = {Seminars in Reproductive Medicine},
	pages = {351--357},
	volume = {27},
	number = {5},
	doi = {10.1055/s-0029-1237423},
	note = {PMID: 19711245
PMCID: PMC2791696},
	langid = {eng}
}

@article{basu2021,
	title = {Measuring DNA mechanics on the genome scale},
	author = {Basu, Aakash and Bobrovnikov, Dmitriy G. and Qureshi, Zan and Kayikcioglu, Tunc and Ngo, Thuy T. M. and Ranjan, Anand and Eustermann, Sebastian and Cieza, Basilio and Morgan, Michael T. and Hejna, Miroslav and Rube, H. Tomas and Hopfner, Karl-Peter and Wolberger, Cynthia and Song, Jun S. and Ha, Taekjip},
	year = {2021},
	month = {01},
	date = {2021-01-21},
	journal = {Nature},
	pages = {462--467},
	volume = {589},
	number = {7842},
	doi = {10.1038/s41586-020-03052-3},
	url = {http://www.nature.com/articles/s41586-020-03052-3},
	langid = {en}
}

@article{sweatt2013,
	title = {The emerging field of neuroepigenetics},
	author = {Sweatt, J. David},
	year = {2013},
	month = {10},
	date = {2013-10-30},
	journal = {Neuron},
	pages = {624--632},
	volume = {80},
	number = {3},
	doi = {10.1016/j.neuron.2013.10.023},
	note = {PMID: 24183015
PMCID: PMC3878295},
	langid = {eng}
}

@article{richetto2021,
	title = {Epigenetic Modifications in Schizophrenia and Related Disorders: Molecular Scars of Environmental Exposures and Source of Phenotypic Variability},
	author = {Richetto, Juliet and Meyer, Urs},
	year = {2021},
	month = {02},
	date = {2021-02},
	journal = {Biological Psychiatry},
	pages = {215--226},
	volume = {89},
	number = {3},
	doi = {10.1016/j.biopsych.2020.03.008},
	url = {https://linkinghub.elsevier.com/retrieve/pii/S0006322320313275},
	langid = {en}
}

@article{akbarian2014,
	title = {Epigenetic mechanisms in schizophrenia},
	author = {Akbarian, Schahram},
	year = {2014},
	month = {09},
	date = {2014-09},
	journal = {Dialogues in Clinical Neuroscience},
	pages = {405--417},
	volume = {16},
	number = {3},
	note = {PMID: 25364289
PMCID: PMC4214181},
	langid = {eng}
}

@article{liu2019,
	title = {Editing the Epigenome to Tackle Brain Disorders},
	author = {Liu, X. Shawn and Jaenisch, Rudolf},
	year = {2019},
	month = {12},
	date = {2019-12},
	journal = {Trends in Neurosciences},
	pages = {861--870},
	volume = {42},
	number = {12},
	doi = {10.1016/j.tins.2019.10.003},
	url = {https://linkinghub.elsevier.com/retrieve/pii/S0166223619301821},
	langid = {en}
}

@article{kim2011,
	title = {Histone deacetylase inhibitors: molecular mechanisms of action and clinical trials as anti-cancer drugs},
	author = {Kim, Hyun-Jung and Bae, Suk-Chul},
	year = {2011},
	month = {02},
	date = {2011-02},
	journal = {American Journal of Translational Research},
	pages = {166--179},
	volume = {3},
	number = {2},
	note = {PMID: 21416059
PMCID: PMC3056563},
	langid = {eng}
}

@article{grayson2010,
	title = {Is There a Future for Histone Deacetylase Inhibitors in the Pharmacotherapy of Psychiatric Disorders?},
	author = {Grayson, Dennis R. and Kundakovic, Marija and Sharma, Rajiv P.},
	year = {2010},
	month = {02},
	date = {2010-02},
	journal = {Molecular Pharmacology},
	pages = {126--135},
	volume = {77},
	number = {2},
	doi = {10.1124/mol.109.061333},
	url = {http://molpharm.aspetjournals.org/lookup/doi/10.1124/mol.109.061333},
	langid = {en}
}

@article{gräff2013,
	title = {Histone acetylation: molecular mnemonics on the chromatin},
	author = {{Gräff}, Johannes and Tsai, Li-Huei},
	year = {2013},
	month = {02},
	date = {2013-02},
	journal = {Nature Reviews Neuroscience},
	pages = {97--111},
	volume = {14},
	number = {2},
	doi = {10.1038/nrn3427},
	url = {http://www.nature.com/articles/nrn3427},
	langid = {en}
}

@article{peixoto2013,
	title = {The role of histone acetylation in memory formation and cognitive impairments},
	author = {Peixoto, Lucia and Abel, Ted},
	year = {2013},
	month = {01},
	date = {2013-01},
	journal = {Neuropsychopharmacology: Official Publication of the American College of Neuropsychopharmacology},
	pages = {62--76},
	volume = {38},
	number = {1},
	doi = {10.1038/npp.2012.86},
	note = {PMID: 22669172
PMCID: PMC3521994},
	langid = {eng}
}

@article{swathy2017,
	title = {Understanding epigenetics of schizophrenia in the backdrop of its antipsychotic drug therapy},
	author = {Swathy, Babu and Banerjee, Moinak},
	year = {2017},
	month = {05},
	date = {2017-05},
	journal = {Epigenomics},
	pages = {721--736},
	volume = {9},
	number = {5},
	doi = {10.2217/epi-2016-0106},
	note = {PMID: 28470099},
	langid = {eng}
}

@article{flanagan2015,
	title = {Epigenome-wide association studies (EWAS): past, present, and future},
	author = {Flanagan, James M.},
	year = {2015},
	date = {2015},
	journal = {Methods in Molecular Biology (Clifton, N.J.)},
	pages = {51--63},
	volume = {1238},
	doi = {10.1007/978-1-4939-1804-1_3},
	note = {PMID: 25421654},
	langid = {eng}
}

@article{shimomura2020,
	title = {Antipsychotic treatment in the maintenance phase of schizophrenia: An updated systematic review of the guidelines and algorithms},
	author = {Shimomura, Yutaro and Kikuchi, Yuhei and Suzuki, Takefumi and Uchida, Hiroyuki and Mimura, Masaru and Takeuchi, Hiroyoshi},
	year = {2020},
	month = {01},
	date = {2020-01},
	journal = {Schizophrenia Research},
	pages = {8--16},
	volume = {215},
	doi = {10.1016/j.schres.2019.09.013},
	url = {https://linkinghub.elsevier.com/retrieve/pii/S0920996419304232},
	langid = {en}
}

@article{shimabukuro2007,
	title = {Global hypomethylation of peripheral leukocyte DNA in male patients with schizophrenia: a potential link between epigenetics and schizophrenia},
	author = {Shimabukuro, Morihiro and Sasaki, Tsukasa and Imamura, Akira and Tsujita, Takahiro and Fuke, Chiaki and Umekage, Tadashi and Tochigi, Mamoru and Hiramatsu, Kennichi and Miyazaki, Tetsuji and Oda, Takaya and Sugimoto, Jun and Jinno, Yoshihiro and Okazaki, Yuji},
	year = {2007},
	month = {12},
	date = {2007-12},
	journal = {Journal of Psychiatric Research},
	pages = {1042--1046},
	volume = {41},
	number = {12},
	doi = {10.1016/j.jpsychires.2006.08.006},
	note = {PMID: 17049557},
	langid = {eng}
}

@article{melas2012,
	title = {Epigenetic aberrations in leukocytes of patients with schizophrenia: association of global DNA methylation with antipsychotic drug treatment and disease onset},
	author = {Melas, Philippe A. and Rogdaki, Maria and {Ösby}, Urban and Schalling, Martin and Lavebratt, Catharina and {Ekström}, Tomas J.},
	year = {2012},
	month = {06},
	date = {2012-06},
	journal = {FASEB journal: official publication of the Federation of American Societies for Experimental Biology},
	pages = {2712--2718},
	volume = {26},
	number = {6},
	doi = {10.1096/fj.11-202069},
	note = {PMID: 22426120},
	langid = {eng}
}

@article{forero2020,
	title = {Integrative In Silico Analysis of Genome-Wide DNA Methylation Profiles in Schizophrenia},
	author = {Forero, Diego A. and {González-Giraldo}, Yeimy},
	year = {2020},
	month = {11},
	date = {2020-11},
	journal = {Journal of Molecular Neuroscience},
	pages = {1887--1893},
	volume = {70},
	number = {11},
	doi = {10.1007/s12031-020-01585-w},
	url = {https://link.springer.com/10.1007/s12031-020-01585-w},
	langid = {en}
}

@article{li2021,
	title = {Genome-wide DNA methylation analysis of peripheral blood cells derived from patients with first-episode schizophrenia in the Chinese Han population},
	author = {Li, Mingrui and Li, Yanli and Qin, Haide and Tubbs, Justin D. and Li, Minghui and Qiao, Chunhong and Lin, Jinran and Li, Qingyang and Fan, Fengmei and Gou, Mengzhuang and Huang, Junchao and Tong, Jinghui and Yang, Fude and Tan, Yunlong and Yao, Yin},
	year = {2021},
	month = {08},
	date = {2021-08},
	journal = {Molecular Psychiatry},
	pages = {4475--4485},
	volume = {26},
	number = {8},
	doi = {10.1038/s41380-020-00968-0},
	url = {https://www.nature.com/articles/s41380-020-00968-0},
	langid = {en}
}

@article{hannon2016,
	title = {An integrated genetic-epigenetic analysis of schizophrenia: evidence for co-localization of genetic associations and differential DNA methylation},
	author = {Hannon, Eilis and Dempster, Emma and Viana, Joana and Burrage, Joe and Smith, Adam R. and Macdonald, Ruby and St Clair, David and Mustard, Colette and Breen, Gerome and Therman, Sebastian and Kaprio, Jaakko and Toulopoulou, Timothea and Pol, Hilleke E. Hulshoff and Bohlken, Marc M. and Kahn, Rene S. and Nenadic, Igor and Hultman, Christina M. and Murray, Robin M. and Collier, David A. and Bass, Nick and Gurling, Hugh and McQuillin, Andrew and Schalkwyk, Leonard and Mill, Jonathan},
	year = {2016},
	month = {12},
	date = {2016-12},
	journal = {Genome Biology},
	pages = {176},
	volume = {17},
	number = {1},
	doi = {10.1186/s13059-016-1041-x},
	url = {https://genomebiology.biomedcentral.com/articles/10.1186/s13059-016-1041-x},
	langid = {en}
}

@article{abdolmaleky2005,
	title = {Hypermethylation of the reelin (RELN) promoter in the brain of schizophrenic patients: a preliminary report},
	author = {Abdolmaleky, Hamid Mostafavi and Cheng, Kuang-hung and Russo, Andrea and Smith, Cassandra L. and Faraone, Stephen V. and Wilcox, Marsha and Shafa, Rahim and Glatt, Stephen J. and Nguyen, Giang and Ponte, Joe F. and Thiagalingam, Sam and Tsuang, Ming T.},
	year = {2005},
	month = {04},
	date = {2005-04-05},
	journal = {American Journal of Medical Genetics. Part B, Neuropsychiatric Genetics: The Official Publication of the International Society of Psychiatric Genetics},
	pages = {60--66},
	volume = {134B},
	number = {1},
	doi = {10.1002/ajmg.b.30140},
	note = {PMID: 15717292},
	langid = {eng}
}

@article{abdolmaleky2015,
	title = {Antipsychotic drugs attenuate aberrant DNA methylation of DTNBP1 (dysbindin) promoter in saliva and post-mortem brain of patients with schizophrenia and Psychotic bipolar disorder},
	author = {Abdolmaleky, Hamid M. and Pajouhanfar, Sara and Faghankhani, Masoomeh and Joghataei, Mohammad Taghi and Mostafavi, Ashraf and Thiagalingam, Sam},
	year = {2015},
	month = {12},
	date = {2015-12},
	journal = {American Journal of Medical Genetics. Part B, Neuropsychiatric Genetics: The Official Publication of the International Society of Psychiatric Genetics},
	pages = {687--696},
	volume = {168},
	number = {8},
	doi = {10.1002/ajmg.b.32361},
	note = {PMID: 26285059},
	langid = {eng}
}

@article{dong2015,
	title = {DNA-methyltransferase1 (DNMT1) binding to CpG rich GABAergic and BDNF promoters is increased in the brain of schizophrenia and bipolar disorder patients},
	author = {Dong, E. and Ruzicka, W. B. and Grayson, D. R. and Guidotti, A.},
	year = {2015},
	month = {09},
	date = {2015-09},
	journal = {Schizophrenia Research},
	pages = {35--41},
	volume = {167},
	number = {1-3},
	doi = {10.1016/j.schres.2014.10.030},
	note = {PMID: 25476119
PMCID: PMC4451449},
	langid = {eng}
}

@article{abdolmaleky2006,
	title = {Hypomethylation of MB-COMT promoter is a major risk factor for schizophrenia and bipolar disorder},
	author = {Abdolmaleky, Hamid Mostafavi and Cheng, Kuang-Hung and Faraone, Stephen V. and Wilcox, Marsha and Glatt, Stephen J. and Gao, Fangming and Smith, Cassandra L. and Shafa, Rahim and Aeali, Batol and Carnevale, Julie and Pan, Hongjie and Papageorgis, Panagiotis and Ponte, Jose F. and Sivaraman, Vadivelu and Tsuang, Ming T. and Thiagalingam, Sam},
	year = {2006},
	month = {11},
	date = {2006-11-01},
	journal = {Human Molecular Genetics},
	pages = {3132--3145},
	volume = {15},
	number = {21},
	doi = {10.1093/hmg/ddl253},
	note = {PMID: 16984965
PMCID: PMC2799943},
	langid = {eng}
}

@article{nohesara2011,
	title = {DNA hypomethylation of MB-COMT promoter in the DNA derived from saliva in schizophrenia and bipolar disorder},
	author = {Nohesara, Shabnam and Ghadirivasfi, Mohammad and Mostafavi, Sahar and Eskandari, Mohammad-Reza and Ahmadkhaniha, HamidReza and Thiagalingam, Sam and Abdolmaleky, Hamid Mostafavi},
	year = {2011},
	month = {11},
	date = {2011-11},
	journal = {Journal of Psychiatric Research},
	pages = {1432--1438},
	volume = {45},
	number = {11},
	doi = {10.1016/j.jpsychires.2011.06.013},
	note = {PMID: 21820670},
	langid = {eng}
}

@article{carrard2011,
	title = {Increased DNA methylation status of the serotonin receptor 5HTR1A gene promoter in schizophrenia and bipolar disorder},
	author = {Carrard, Anthony and Salzmann, Annick and Malafosse, Alain and Karege, {Félicien}},
	year = {2011},
	month = {08},
	date = {2011-08},
	journal = {Journal of Affective Disorders},
	pages = {450--453},
	volume = {132},
	number = {3},
	doi = {10.1016/j.jad.2011.03.018},
	note = {PMID: 21453976},
	langid = {eng}
}

@article{abdolmaleky2011,
	title = {Epigenetic dysregulation of HTR2A in the brain of patients with schizophrenia and bipolar disorder},
	author = {Abdolmaleky, Hamid Mostafavi and Yaqubi, Sahab and Papageorgis, Panagiotis and Lambert, Arthur W. and Ozturk, Sait and Sivaraman, Vadivelu and Thiagalingam, Sam},
	year = {2011},
	month = {07},
	date = {2011-07},
	journal = {Schizophrenia Research},
	pages = {183--190},
	volume = {129},
	number = {2-3},
	doi = {10.1016/j.schres.2011.04.007},
	note = {PMID: 21550210},
	langid = {eng}
}

@article{rukova2014,
	title = {Whole genome methylation analyses of schizophrenia patients before and after treatment},
	author = {Rukova, Blaga and Staneva, Rada and Hadjidekova, Savina and Stamenov, Georgi and Milanova, Vihra and Toncheva, Draga},
	year = {2014},
	month = {05},
	date = {2014-05-04},
	journal = {Biotechnology, Biotechnological Equipment},
	pages = {518--524},
	volume = {28},
	number = {3},
	doi = {10.1080/13102818.2014.933501},
	note = {PMID: 26019538
PMCID: PMC4434134},
	langid = {eng}
}

@article{kinoshita2017,
	title = {Effect of Clozapine on DNA Methylation in Peripheral Leukocytes from Patients with Treatment-Resistant Schizophrenia},
	author = {Kinoshita, Makoto and Numata, Shusuke and Tajima, Atsushi and Yamamori, Hidenaga and Yasuda, Yuka and Fujimoto, Michiko and Watanabe, Shinya and Umehara, Hidehiro and Shimodera, Shinji and Nakazawa, Takanobu and Kikuchi, Masataka and Nakaya, Akihiro and Hashimoto, Hitoshi and Imoto, Issei and Hashimoto, Ryota and Ohmori, Tetsuro},
	year = {2017},
	month = {03},
	date = {2017-03-14},
	journal = {International Journal of Molecular Sciences},
	pages = {E632},
	volume = {18},
	number = {3},
	doi = {10.3390/ijms18030632},
	note = {PMID: 28335437
PMCID: PMC5372645},
	langid = {eng}
}

@article{venugopal2018,
	title = {Impact of antipsychotic treatment on methylation status of Interleukin-6 [IL-6] gene in Schizophrenia},
	author = {Venugopal, Deepthi and Shivakumar, Venkataram and Subbanna, Manjula and Kalmady, Sunil V. and Amaresha, Anekal C. and Agarwal, Sri Mahavir and Narayanaswamy, Janardhanan C. and Banerjee, Moinak and Debnath, Monojit and Venkatasubramanian, Ganesan},
	year = {2018},
	month = {09},
	date = {2018-09},
	journal = {Journal of Psychiatric Research},
	pages = {88--95},
	volume = {104},
	doi = {10.1016/j.jpsychires.2018.07.002},
	note = {PMID: 30005373},
	langid = {eng}
}

@article{burghardt2020,
	title = {Antipsychotic Medications and DNA Methylation in Schizophrenia and Bipolar Disorder: A Systematic Review},
	author = {Burghardt, Kyle J. and Khoury, Audrey S. and Msallaty, Zaher and Yi, Zhengping and Seyoum, Berhane},
	year = {2020},
	month = {04},
	date = {2020-04},
	journal = {Pharmacotherapy},
	pages = {331--342},
	volume = {40},
	number = {4},
	doi = {10.1002/phar.2375},
	note = {PMID: 32058614
PMCID: PMC7152563},
	langid = {eng}
}

@article{hannon2021,
	title = {DNA methylation meta-analysis reveals cellular alterations in psychosis and markers of treatment-resistant schizophrenia},
	author = {Hannon, Eilis and Dempster, Emma L. and Mansell, Georgina and Burrage, Joe and Bass, Nick and Bohlken, Marc M. and Corvin, Aiden and Curtis, Charles J. and Dempster, David and Di Forti, Marta and Dinan, Timothy G. and Donohoe, Gary and Gaughran, Fiona and Gill, Michael and Gillespie, Amy and Gunasinghe, Cerisse and Hulshoff, Hilleke E. and Hultman, Christina M. and Johansson, Viktoria and Kahn, {René S.} and Kaprio, Jaakko and Kenis, Gunter and Kowalec, Kaarina and MacCabe, James and McDonald, Colm and McQuillin, Andrew and Morris, Derek W. and Murphy, Kieran C. and Mustard, Colette J. and Nenadic, Igor and {O'Donovan}, Michael C. and Quattrone, Diego and Richards, Alexander L. and Rutten, Bart Pf and St Clair, David and Therman, Sebastian and Toulopoulou, Timothea and Van Os, Jim and Waddington, John L. and {Wellcome Trust Case Control Consortium (WTCCC)},  and CRESTAR consortium,  and Sullivan, Patrick and Vassos, Evangelos and Breen, Gerome and Collier, David Andrew and Murray, Robin M. and Schalkwyk, Leonard S. and Mill, Jonathan},
	year = {2021},
	month = {02},
	date = {2021-02-26},
	journal = {eLife},
	pages = {e58430},
	volume = {10},
	doi = {10.7554/eLife.58430},
	note = {PMID: 33646943
PMCID: PMC8009672},
	langid = {eng}
}

@article{chase2013,
	title = {Histone methylation at H3K9: evidence for a restrictive epigenome in schizophrenia},
	author = {Chase, Kayla A. and Gavin, David P. and Guidotti, Alessandro and Sharma, Rajiv P.},
	year = {2013},
	month = {09},
	date = {2013-09},
	journal = {Schizophrenia Research},
	pages = {15--20},
	volume = {149},
	number = {1-3},
	doi = {10.1016/j.schres.2013.06.021},
	note = {PMID: 23815974
PMCID: PMC3779891},
	langid = {eng}
}

@article{beacon2021,
	title = {The dynamic broad epigenetic (H3K4me3, H3K27ac) domain as a mark of essential genes},
	author = {Beacon, Tasnim H. and Delcuve, {Geneviève P.} and {López}, Camila and Nardocci, Gino and Kovalchuk, Igor and van Wijnen, Andre J. and Davie, James R.},
	year = {2021},
	month = {12},
	date = {2021-12},
	journal = {Clinical Epigenetics},
	pages = {138},
	volume = {13},
	number = {1},
	doi = {10.1186/s13148-021-01126-1},
	url = {https://clinicalepigeneticsjournal.biomedcentral.com/articles/10.1186/s13148-021-01126-1},
	langid = {en}
}

@article{cai2021,
	title = {H3K27me3-rich genomic regions can function as silencers to repress gene expression via chromatin interactions},
	author = {Cai, Yichao and Zhang, Ying and Loh, Yan Ping and Tng, Jia Qi and Lim, Mei Chee and Cao, Zhendong and Raju, Anandhkumar and Lieberman Aiden, Erez and Li, Shang and Manikandan, Lakshmanan and Tergaonkar, Vinay and Tucker-Kellogg, Greg and Fullwood, Melissa Jane},
	year = {2021},
	month = {12},
	date = {2021-12},
	journal = {Nature Communications},
	pages = {719},
	volume = {12},
	number = {1},
	doi = {10.1038/s41467-021-20940-y},
	url = {http://www.nature.com/articles/s41467-021-20940-y},
	langid = {en}
}

@article{huang2007,
	title = {Prefrontal dysfunction in schizophrenia involves mixed-lineage leukemia 1-regulated histone methylation at GABAergic gene promoters},
	author = {Huang, Hsien-Sung and Matevossian, Anouch and Whittle, Catheryne and Kim, Se Young and Schumacher, Armin and Baker, Stephen P. and Akbarian, Schahram},
	year = {2007},
	month = {10},
	date = {2007-10-17},
	journal = {The Journal of Neuroscience: The Official Journal of the Society for Neuroscience},
	pages = {11254--11262},
	volume = {27},
	number = {42},
	doi = {10.1523/JNEUROSCI.3272-07.2007},
	note = {PMID: 17942719
PMCID: PMC6673022},
	langid = {eng}
}

@article{baharijavan2017,
	title = {HDAC1 links early life stress to schizophrenia-like phenotypes},
	author = {Bahari-Javan, Sanaz and Varbanov, Hristo and Halder, Rashi and Benito, Eva and Kaurani, Lalit and Burkhardt, Susanne and Anderson-Schmidt, Heike and Anghelescu, Ion and Budde, Monika and Stilling, Roman M. and Costa, Joan and Medina, Juan and Dietrich, Detlef E. and Figge, Christian and Folkerts, Here and Gade, Katrin and Heilbronner, Urs and Koller, Manfred and Konrad, Carsten and Nussbeck, Sara Y. and Scherk, Harald and Spitzer, Carsten and Stierl, Sebastian and {Stöckel}, Judith and Thiel, Andreas and von Hagen, Martin and Zimmermann, {Jörg} and Zitzelsberger, Antje and Schulz, Sybille and Schmitt, Andrea and Delalle, Ivana and Falkai, Peter and Schulze, Thomas G. and Dityatev, Alexander and Sananbenesi, Farahnaz and Fischer, {André}},
	year = {2017},
	month = {06},
	date = {2017-06-06},
	journal = {Proceedings of the National Academy of Sciences},
	volume = {114},
	number = {23},
	doi = {10.1073/pnas.1613842114},
	url = {https://pnas.org/doi/full/10.1073/pnas.1613842114},
	langid = {en}
}

@article{schroeder2017,
	title = {Expression of {\emph{HDAC2}} but Not {\emph{HDAC1}} Transcript Is Reduced in Dorsolateral Prefrontal Cortex of Patients with Schizophrenia},
	author = {Schroeder, Frederick A. and Gilbert, Tonya M. and Feng, Ningping and Taillon, Brendan D. and Volkow, Nora D. and Innis, Robert B. and Hooker, Jacob M. and Lipska, Barbara K.},
	year = {2017},
	month = {03},
	date = {2017-03-15},
	journal = {ACS Chemical Neuroscience},
	pages = {662--668},
	volume = {8},
	number = {3},
	doi = {10.1021/acschemneuro.6b00372},
	url = {https://pubs.acs.org/doi/10.1021/acschemneuro.6b00372},
	langid = {en}
}

@article{gilbert2018,
	title = {PET neuroimaging reveals histone deacetylase dysregulation in schizophrenia},
	author = {Gilbert, Tonya M. and {Zürcher}, Nicole R. and Wu, Christine J. and Bhanot, Anisha and Hightower, Baileigh G. and Kim, Minhae and Albrecht, Daniel S. and Wey, Hsiao-Ying and Schroeder, Frederick A. and Rodriguez-Thompson, Anais and Morin, Thomas M. and Hart, Kamber L. and Pellegrini, Amelia M. and Riley, Misha M. and Wang, Changning and Stufflebeam, Steven M. and Haggarty, Stephen J. and Holt, Daphne J. and Loggia, Marco L. and Perlis, Roy H. and Brown, Hannah E. and Roffman, Joshua L. and Hooker, Jacob M.},
	year = {2018},
	month = {12},
	date = {2018-12-10},
	journal = {Journal of Clinical Investigation},
	pages = {364--372},
	volume = {129},
	number = {1},
	doi = {10.1172/JCI123743},
	url = {https://www.jci.org/articles/view/123743},
	langid = {en}
}

@article{sharma2006,
	title = {Valproic acid and chromatin remodeling in schizophrenia and bipolar disorder: Preliminary results from a clinical population},
	author = {Sharma, Rajiv P. and Rosen, Cherise and Kartan, Saritha and Guidotti, Alessandro and Costa, Erminio and Grayson, Dennis R. and Chase, Kayla},
	year = {2006},
	month = {12},
	date = {2006-12},
	journal = {Schizophrenia Research},
	pages = {227--231},
	volume = {88},
	number = {1-3},
	doi = {10.1016/j.schres.2006.07.015},
	url = {https://linkinghub.elsevier.com/retrieve/pii/S0920996406003276},
	langid = {en}
}

@article{ookubo2013,
	title = {Antidepressants and mood stabilizers effects on histone deacetylase expression in C57BL/6 mice: Brain region specific changes},
	author = {Ookubo, Masanori and Kanai, Hirohiko and Aoki, Harusuke and Yamada, Naoto},
	year = {2013},
	month = {09},
	date = {2013-09},
	journal = {Journal of Psychiatric Research},
	pages = {1204--1214},
	volume = {47},
	number = {9},
	doi = {10.1016/j.jpsychires.2013.05.028},
	url = {https://linkinghub.elsevier.com/retrieve/pii/S0022395613001775},
	langid = {en}
}

@article{phiel2001,
	title = {Histone Deacetylase Is a Direct Target of Valproic Acid, a Potent Anticonvulsant, Mood Stabilizer, and Teratogen},
	author = {Phiel, Christopher J. and Zhang, Fang and Huang, Eric Y. and Guenther, Matthew G. and Lazar, Mitchell A. and Klein, Peter S.},
	year = {2001},
	month = {09},
	date = {2001-09},
	journal = {Journal of Biological Chemistry},
	pages = {36734--36741},
	volume = {276},
	number = {39},
	doi = {10.1074/jbc.M101287200},
	url = {https://linkinghub.elsevier.com/retrieve/pii/S002192582086757X},
	langid = {en}
}

@article{seo2018,
	title = {Effects of Antipsychotic Drugs on the Epigenetic Modification of Brain-Derived Neurotrophic Factor Gene Expression in the Hippocampi of Chronic Restraint Stress Rats},
	author = {Seo, Mi Kyoung and Kim, Young Hoon and McIntyre, Roger S. and Mansur, Rodrigo B. and Lee, Yena and Carmona, Nicole E. and Choi, Ah Jeong and Kim, Gyung-Mee and Lee, Jung Goo and Park, Sung Woo},
	year = {2018},
	month = {06},
	date = {2018-06-11},
	journal = {Neural Plasticity},
	pages = {1--10},
	volume = {2018},
	doi = {10.1155/2018/2682037},
	url = {https://www.hindawi.com/journals/np/2018/2682037/},
	langid = {en}
}

@article{mcclarty2018,
	title = {Epigenetic Alterations Impact on Antipsychotic Treatment in Elderly Patients},
	author = {McClarty, Bryan M. and Fisher, Daniel W. and Dong, Hongxin},
	year = {2018},
	month = {03},
	date = {2018-03},
	journal = {Current Treatment Options in Psychiatry},
	pages = {17--29},
	volume = {5},
	number = {1},
	note = {PMID: 29755923
PMCID: PMC5943049},
	langid = {eng}
}

@article{mcdonaldmcginn2015,
	title = {22q11.2 deletion syndrome},
	author = {McDonald-McGinn, Donna M. and Sullivan, Kathleen E. and Marino, Bruno and Philip, Nicole and Swillen, Ann and Vorstman, Jacob A. S. and Zackai, Elaine H. and Emanuel, Beverly S. and Vermeesch, Joris R. and Morrow, Bernice E. and Scambler, Peter J. and Bassett, Anne S.},
	year = {2015},
	month = {11},
	date = {2015-11-19},
	journal = {Nature Reviews. Disease Primers},
	pages = {15071},
	volume = {1},
	doi = {10.1038/nrdp.2015.71},
	note = {PMID: 27189754
PMCID: PMC4900471},
	langid = {eng}
}

@article{perkins2005,
	title = {Expanding the {\textquoteleft}central dogma{\textquoteright}: the regulatory role of nonprotein coding genes and implications for the genetic liability to schizophrenia},
	author = {Perkins, D O and Jeffries, C and Sullivan, P},
	year = {2005},
	month = {01},
	date = {2005-01-01},
	journal = {Molecular Psychiatry},
	pages = {69--78},
	volume = {10},
	number = {1},
	doi = {10.1038/sj.mp.4001577},
	url = {https://www.nature.com/articles/4001577},
	langid = {en}
}

@article{perkins2007,
	title = {microRNA expression in the prefrontal cortex of individuals with schizophrenia and schizoaffective disorder},
	author = {Perkins, Diana O and Jeffries, Clark D and Jarskog, L Fredrik and Thomson, J Michael and Woods, Keith and Newman, Martin A and Parker, Joel S and Jin, Jianping and Hammond, Scott M},
	year = {2007},
	date = {2007},
	journal = {Genome Biology},
	pages = {R27},
	volume = {8},
	number = {2},
	doi = {10.1186/gb-2007-8-2-r27},
	url = {http://genomebiology.biomedcentral.com/articles/10.1186/gb-2007-8-2-r27}
}

@article{schizophreniapsychiatricgenome-wideassociationstudy(gwas)consortium2011,
	title = {Genome-wide association study identifies five new schizophrenia loci},
	author = {{Schizophrenia Psychiatric Genome-Wide Association Study (GWAS) Consortium}, },
	year = {2011},
	month = {09},
	date = {2011-09-18},
	journal = {Nature Genetics},
	pages = {969--976},
	volume = {43},
	number = {10},
	doi = {10.1038/ng.940},
	note = {PMID: 21926974
PMCID: PMC3303194},
	langid = {eng}
}

@article{kos2016,
	title = {The Multifarious Hippocampal Functions of MicroRNA-137},
	author = {Kos, Aron and Aschrafi, Armaz and Nadif Kasri, Nael},
	year = {2016},
	month = {10},
	date = {2016-10},
	journal = {The Neuroscientist: A Review Journal Bringing Neurobiology, Neurology and Psychiatry},
	pages = {440--446},
	volume = {22},
	number = {5},
	doi = {10.1177/1073858415608356},
	note = {PMID: 26396150},
	langid = {eng}
}

@article{he2018,
	title = {MIR137 schizophrenia-associated locus controls synaptic function by regulating synaptogenesis, synapse maturation and synaptic transmission},
	author = {He, Enqi and Lozano, Miguel A. Gonzalez and Stringer, Sven and Watanabe, Kyoko and Sakamoto, Kensuke and den Oudsten, Frank and Koopmans, Frank and Giamberardino, Stephanie N. and Hammerschlag, Anke and Cornelisse, L. Niels and Li, Ka Wan and van Weering, Jan and Posthuma, Danielle and Smit, August B. and Sullivan, Patrick F. and Verhage, Matthijs},
	year = {2018},
	month = {06},
	date = {2018-06-01},
	journal = {Human Molecular Genetics},
	pages = {1879--1891},
	volume = {27},
	number = {11},
	doi = {10.1093/hmg/ddy089},
	note = {PMID: 29635364
PMCID: PMC5961183},
	langid = {eng}
}

@article{oldeloohuis2017,
	title = {The schizophrenia risk gene MIR137 acts as a hippocampal gene network node orchestrating the expression of genes relevant to nervous system development and function},
	author = {Olde Loohuis, Nikkie F. M. and Nadif Kasri, Nael and Glennon, Jeffrey C. and van Bokhoven, Hans and {Hébert}, {Sébastien S.} and Kaplan, Barry B. and Martens, Gerard J. M. and Aschrafi, Armaz},
	year = {2017},
	month = {02},
	date = {2017-02-06},
	journal = {Progress in Neuro-Psychopharmacology & Biological Psychiatry},
	pages = {109--118},
	volume = {73},
	doi = {10.1016/j.pnpbp.2016.02.009},
	note = {PMID: 26925706
PMCID: PMC5002268},
	langid = {eng}
}

@article{song2014,
	title = {A preliminary analysis of association between the down-regulation of microRNA-181b expression and symptomatology improvement in schizophrenia patients before and after antipsychotic treatment},
	author = {Song, Hong-tao and Sun, Xin-yang and Zhang, Liang and Zhao, Lin and Guo, Zhong-min and Fan, Hui-min and Zhong, Ai-fang and Niu, Wei and Dai, Yun-hua and Zhang, Li-yi and Shi, Zheng and Liu, Xiao-ping and Lu, Jim},
	year = {2014},
	month = {07},
	date = {2014-07},
	journal = {Journal of Psychiatric Research},
	pages = {134--140},
	volume = {54},
	doi = {10.1016/j.jpsychires.2014.03.008},
	note = {PMID: 24694668},
	langid = {eng}
}

@article{chen2016,
	title = {A preliminary analysis of microRNA-21 expression alteration after antipsychotic treatment in patients with schizophrenia},
	author = {Chen, Sheng-Dong and Sun, Xin-Yang and Niu, Wei and Kong, Ling-Ming and He, Ming-Jun and Fan, Hui-Min and Li, Wan-Shuai and Zhong, Ai-Fang and Zhang, Li-Yi and Lu, Jim},
	year = {2016},
	month = {10},
	date = {2016-10-30},
	journal = {Psychiatry Research},
	pages = {324--332},
	volume = {244},
	doi = {10.1016/j.psychres.2016.04.087},
	note = {PMID: 27512922},
	langid = {eng}
}

@article{bravo2011,
	title = {MicroRNAs: a novel therapeutic target for schizophrenia},
	author = {Bravo, Javier A. and Dinan, Timothy G.},
	year = {2011},
	date = {2011},
	journal = {Current Pharmaceutical Design},
	pages = {176--188},
	volume = {17},
	number = {2},
	doi = {10.2174/138161211795049543},
	note = {PMID: 21355836},
	langid = {eng}
}

@article{cao2018,
	title = {Dysregulation of miRNA and its potential therapeutic application in schizophrenia},
	author = {Cao, Ting and Zhen, Xue-Chu},
	year = {2018},
	month = {07},
	date = {2018-07},
	journal = {CNS neuroscience & therapeutics},
	pages = {586--597},
	volume = {24},
	number = {7},
	doi = {10.1111/cns.12840},
	note = {PMID: 29529357
PMCID: PMC6490029},
	langid = {eng}
}

@article{vanzandwijk2017,
	title = {Safety and activity of microRNA-loaded minicells in patients with recurrent malignant pleural mesothelioma: a first-in-man, phase 1, open-label, dose-escalation study},
	author = {van Zandwijk, Nico and Pavlakis, Nick and Kao, Steven C. and Linton, Anthony and Boyer, Michael J. and Clarke, Stephen and Huynh, Yennie and Chrzanowska, Agata and Fulham, Michael J. and Bailey, Dale L. and Cooper, Wendy A. and Kritharides, Leonard and Ridley, Lloyd and Pattison, Scott T. and MacDiarmid, Jennifer and Brahmbhatt, Himanshu and Reid, Glen},
	year = {2017},
	month = {10},
	date = {2017-10},
	journal = {The Lancet. Oncology},
	pages = {1386--1396},
	volume = {18},
	number = {10},
	doi = {10.1016/S1470-2045(17)30621-6},
	note = {PMID: 28870611},
	langid = {eng}
}


@article{he_mirnas_2018,
	title = {{MiRNAs} of peripheral blood as the biomarker of schizophrenia},
	volume = {155},
	issn = {1601-5223},
	doi = {10.1186/s41065-017-0044-2},
	language = {eng},
	journal = {Hereditas},
	author = {He, Kuanjun and Guo, Chuang and He, Lin and Shi, Yongyong},
	year = {2018},
	pmid = {28860957},
	pmcid = {PMC5575894},
	keywords = {Biomarkers, Humans, MicroRNAs, Peripheral MiRNAs, Schizophrenia, Significance and values},
	pages = {9},
	file = {Full Text:C\:\\Users\\Ansel\\Zotero\\storage\\4P2RJ8J8\\He et al. - 2018 - MiRNAs of peripheral blood as the biomarker of sch.pdf:application/pdf},
}

@article{mueller2020,
	title = {Post-translational protein modifications in schizophrenia},
	author = {Mueller, Toni M. and Meador-Woodruff, James H.},
	year = {2020},
	month = {12},
	date = {2020-12},
	journal = {npj Schizophrenia},
	pages = {5},
	volume = {6},
	number = {1},
	doi = {10.1038/s41537-020-0093-9},
	url = {http://www.nature.com/articles/s41537-020-0093-9},
	langid = {en}
}

@article{grubisha2021,
	title = {Investigating Post-translational Modifications in Neuropsychiatric Disease: The Next Frontier in Human Post-mortem Brain Research},
	author = {Grubisha, Melanie J. and Sweet, Robert A. and MacDonald, Matthew L.},
	year = {2021},
	month = {07},
	date = {2021-07-16},
	journal = {Frontiers in Molecular Neuroscience},
	pages = {689495},
	volume = {14},
	doi = {10.3389/fnmol.2021.689495},
	url = {https://www.frontiersin.org/articles/10.3389/fnmol.2021.689495/full}
}

@article{scott2014,
	title = {The role of protein N-glycosylation in neural transmission},
	author = {Scott, Hilary and Panin, Vladislav M.},
	year = {2014},
	month = {05},
	date = {2014-05},
	journal = {Glycobiology},
	pages = {407--417},
	volume = {24},
	number = {5},
	doi = {10.1093/glycob/cwu015},
	note = {PMID: 24643084
PMCID: PMC3976283},
	langid = {eng}
}


@article{zhang_integrative_2020,
	title = {Integrative glycoproteomics reveals protein {N}-glycosylation aberrations and glycoproteomic network alterations in {Alzheimer}’s disease},
	volume = {6},
	issn = {2375-2548},
	url = {https://www.science.org/doi/10.1126/sciadv.abc5802},
	doi = {10.1126/sciadv.abc5802},
	language = {en},
	number = {40},
	urldate = {2022-06-04},
	journal = {Science Advances},
	author = {Zhang, Qi and Ma, Cheng and Chin, Lih-Shen and Li, Lian},
	month = oct,
	year = {2020},
	pages = {eabc5802},
	file = {Full Text:C\:\\Users\\Ansel\\Zotero\\storage\\XH7VJBDS\\Zhang et al. - 2020 - Integrative glycoproteomics reveals protein N-glyc.pdf:application/pdf},
}

@article{williams2020,
	title = {Aberrant glycosylation in schizophrenia: a review of 25 years of post-mortem brain studies},
	author = {Williams, Sarah E. and Mealer, Robert G. and Scolnick, Edward M. and Smoller, Jordan W. and Cummings, Richard D.},
	year = {2020},
	month = {12},
	date = {2020-12},
	journal = {Molecular Psychiatry},
	pages = {3198--3207},
	volume = {25},
	number = {12},
	doi = {10.1038/s41380-020-0761-1},
	url = {http://www.nature.com/articles/s41380-020-0761-1},
	langid = {en}
}

@article{bauer2010,
	title = {Abnormal glycosylation of EAAT1 and EAAT2 in prefrontal cortex of elderly patients with schizophrenia},
	author = {Bauer, Deborah and Haroutunian, Vahram and Meador-Woodruff, James H. and McCullumsmith, Robert E.},
	year = {2010},
	month = {03},
	date = {2010-03},
	journal = {Schizophrenia Research},
	pages = {92--98},
	volume = {117},
	number = {1},
	doi = {10.1016/j.schres.2009.07.025},
	note = {PMID: 19716271
PMCID: PMC2822023},
	langid = {eng}
}

@article{gascon2007,
	title = {Polysialic acid-neural cell adhesion molecule in brain plasticity: from synapses to integration of new neurons},
	author = {Gascon, Eduardo and Vutskits, Laszlo and Kiss, Jozsef Zoltan},
	year = {2007},
	month = {11},
	date = {2007-11},
	journal = {Brain Research Reviews},
	pages = {101--118},
	volume = {56},
	number = {1},
	doi = {10.1016/j.brainresrev.2007.05.014},
	note = {PMID: 17658613},
	langid = {eng}
}

@article{saini2020,
	title = {The neuroplasticity marker PSA-NCAM: Insights into new therapeutic avenues for promoting neuroregeneration},
	author = {Saini, Vedangana and Kaur, Taranjeet and Kalotra, Shikha and Kaur, Gurcharan},
	year = {2020},
	month = {10},
	date = {2020-10},
	journal = {Pharmacological Research},
	pages = {105186},
	volume = {160},
	doi = {10.1016/j.phrs.2020.105186},
	url = {https://linkinghub.elsevier.com/retrieve/pii/S1043661820314948},
	langid = {en}
}

@article{gilabertjuan2012,
	title = {Alterations in the expression of PSA-NCAM and synaptic proteins in the dorsolateral prefrontal cortex of psychiatric disorder patients},
	author = {Gilabert-Juan, Javier and Varea, Emilio and Guirado, {Ramón} and {Blasco-Ibáñez}, {José Miguel} and Crespo, Carlos and {Nácher}, Juan},
	year = {2012},
	month = {11},
	date = {2012-11-14},
	journal = {Neuroscience Letters},
	pages = {97--102},
	volume = {530},
	number = {1},
	doi = {10.1016/j.neulet.2012.09.032},
	note = {PMID: 23022470},
	langid = {eng}
}

@article{kehrer2008,
	title = {Altered excitatory-inhibitory balance in the NMDA-hypofunction model of schizophrenia},
	author = {Kehrer, Colin},
	year = {2008},
	date = {2008},
	journal = {Frontiers in Molecular Neuroscience},
	volume = {1},
	doi = {10.3389/neuro.02.006.2008},
	url = {http://journal.frontiersin.org/article/10.3389/neuro.02.006.2008/abstract}
}

@article{telford2012,
	title = {Antipsychotic treatment of acute paranoid schizophrenia patients with olanzapine results in altered glycosylation of serum glycoproteins},
	author = {Telford, Jayne E. and Bones, Jonathan and McManus, Ciara and Saldova, Radka and Manning, Gwen and Doherty, Margaret and Leweke, F. Markus and Rothermundt, Matthias and Guest, Paul C. and Rahmoune, Hassan and Bahn, Sabine and Rudd, Pauline M.},
	year = {2012},
	month = {07},
	date = {2012-07-06},
	journal = {Journal of Proteome Research},
	pages = {3743--3752},
	volume = {11},
	number = {7},
	doi = {10.1021/pr300218h},
	note = {PMID: 22594947},
	langid = {eng}
}

@article{frasca2008,
	title = {Olanzapine, but not haloperidol, enhances PSA-NCAM immunoreactivity in rat prefrontal cortex},
	author = {Frasca, Angelisa and Fumagalli, Fabio and Ter Horst, Judith and Racagni, Giorgio and Murphy, Keith J. and Riva, Marco A.},
	year = {2008},
	month = {08},
	date = {2008-08},
	journal = {The International Journal of Neuropsychopharmacology},
	pages = {591--595},
	volume = {11},
	number = {5},
	doi = {10.1017/S1461145708009061},
	note = {PMID: 18593508},
	langid = {eng}
}

@article{mealer2020,
	title = {Glycobiology and schizophrenia: a biological hypothesis emerging from genomic research},
	author = {Mealer, Robert G. and Williams, Sarah E. and Daly, Mark J. and Scolnick, Edward M. and Cummings, Richard D. and Smoller, Jordan W.},
	year = {2020},
	month = {12},
	date = {2020-12},
	journal = {Molecular Psychiatry},
	pages = {3129--3139},
	volume = {25},
	number = {12},
	doi = {10.1038/s41380-020-0753-1},
	url = {http://www.nature.com/articles/s41380-020-0753-1},
	langid = {en}
}

@article{pinner2020,
	title = {Protein expression of prenyltransferase subunits in postmortem schizophrenia dorsolateral prefrontal cortex},
	author = {Pinner, Anita L. and Mueller, Toni M. and Alganem, Khaled and McCullumsmith, Robert and Meador-Woodruff, James H.},
	year = {2020},
	month = {01},
	date = {2020-01-10},
	journal = {Translational Psychiatry},
	pages = {3},
	volume = {10},
	number = {1},
	doi = {10.1038/s41398-019-0610-7},
	note = {PMID: 32066669
PMCID: PMC7026430},
	langid = {eng}
}

@article{pinner2016,
	title = {Decreased protein S-palmitoylation in dorsolateral prefrontal cortex in schizophrenia},
	author = {Pinner, Anita L. and Tucholski, Janusz and Haroutunian, Vahram and McCullumsmith, Robert E. and Meador-Woodruff, James H.},
	year = {2016},
	month = {11},
	date = {2016-11},
	journal = {Schizophrenia Research},
	pages = {78--87},
	volume = {177},
	number = {1-3},
	doi = {10.1016/j.schres.2016.01.054},
	note = {PMID: 26876311
PMCID: PMC4981568},
	langid = {eng}
}

@article{mukai2004,
	title = {Evidence that the gene encoding ZDHHC8 contributes to the risk of schizophrenia},
	author = {Mukai, Jun and Liu, Hui and Burt, Rachel A. and Swor, Dionne E. and Lai, Wen-Sung and Karayiorgou, Maria and Gogos, Joseph A.},
	year = {2004},
	month = {07},
	date = {2004-07},
	journal = {Nature Genetics},
	pages = {725--731},
	volume = {36},
	number = {7},
	doi = {10.1038/ng1375},
	note = {PMID: 15184899},
	langid = {eng}
}

@article{faul2005,
	title = {ZDHHC8as a candidate gene for schizophrenia: Analysis of a putative functional intronic marker in case-control and family-based association studies},
	author = {Faul, Thomas and Gawlik, Micha and Bauer, Martin and Jung, Sven and Pfuhlmann, Bruno and Jabs, Burkhard and Knapp, Michael and {Stöber}, Gerald},
	year = {2005},
	month = {12},
	date = {2005-12},
	journal = {BMC Psychiatry},
	pages = {35},
	volume = {5},
	number = {1},
	doi = {10.1186/1471-244X-5-35},
	url = {https://bmcpsychiatry.biomedcentral.com/articles/10.1186/1471-244X-5-35},
	langid = {en}
}

@article{kehler2011,
	title = {PDE10A inhibitors: novel therapeutic drugs for schizophrenia},
	author = {Kehler, Jan and Nielsen, Jacob},
	year = {2011},
	date = {2011},
	journal = {Current Pharmaceutical Design},
	pages = {137--150},
	volume = {17},
	number = {2},
	doi = {10.2174/138161211795049624},
	note = {PMID: 21355834},
	langid = {eng}
}

@article{charych2010,
	title = {Interplay of palmitoylation and phosphorylation in the trafficking and localization of phosphodiesterase 10A: implications for the treatment of schizophrenia},
	author = {Charych, Erik I. and Jiang, Li-Xin and Lo, Frederick and Sullivan, Kelly and Brandon, Nicholas J.},
	year = {2010},
	month = {07},
	date = {2010-07-07},
	journal = {The Journal of Neuroscience: The Official Journal of the Society for Neuroscience},
	pages = {9027--9037},
	volume = {30},
	number = {27},
	doi = {10.1523/JNEUROSCI.1635-10.2010},
	note = {PMID: 20610737
PMCID: PMC6632485},
	langid = {eng}
}

@article{jiang2018,
	title = {Protein Lipidation: Occurrence, Mechanisms, Biological Functions, and Enabling Technologies},
	author = {Jiang, Hong and Zhang, Xiaoyu and Chen, Xiao and Aramsangtienchai, Pornpun and Tong, Zhen and Lin, Hening},
	year = {2018},
	month = {02},
	date = {2018-02-14},
	journal = {Chemical Reviews},
	pages = {919--988},
	volume = {118},
	number = {3},
	doi = {10.1021/acs.chemrev.6b00750},
	note = {PMID: 29292991
PMCID: PMC5985209},
	langid = {eng}
}
