
@article{xie2007,
	title = {Autophagosome formation: core machinery and adaptations},
	author = {Xie, Zhiping and Klionsky, Daniel J.},
	year = {2007},
	month = {10},
	date = {2007-10},
	journal = {Nature Cell Biology},
	pages = {1102--1109},
	volume = {9},
	number = {10},
	doi = {10.1038/ncb1007-1102},
	url = {http://www.nature.com/articles/ncb1007-1102},
	langid = {en}
}

@article{kocaturk2018,
	title = {Crosstalk Between Mammalian Autophagy and the Ubiquitin-Proteasome System},
	author = {Kocaturk, Nur Mehpare and Gozuacik, Devrim},
	year = {2018},
	month = {10},
	date = {2018-10-02},
	journal = {Frontiers in Cell and Developmental Biology},
	pages = {128},
	volume = {6},
	doi = {10.3389/fcell.2018.00128},
	url = {https://www.frontiersin.org/article/10.3389/fcell.2018.00128/full}
}

@article{
  liu2015,
  title={Autosis and autophagic cell death: the dark side of autophagy},
  volume={22},
  ISSN={1350-9047, 1476-5403},
  url={http://www.nature.com/articles/cdd2014143},
  DOI={10.1038/cdd.2014.143},
  number={3},
  journal={Cell Death & Differentiation},
  author={Liu, Y and Levine, B},
  year={2015},
  month={Mar},
pages={367–376} }

@article{galluzzi2016,
	title = {Autophagy in acute brain injury},
	author = {Galluzzi, Lorenzo and Bravo-San Pedro, {José Manuel} and Blomgren, Klas and Kroemer, Guido},
	year = {2016},
	month = {08},
	date = {2016-08},
	journal = {Nature Reviews. Neuroscience},
	pages = {467--484},
	volume = {17},
	number = {8},
	doi = {10.1038/nrn.2016.51},
	note = {PMID: 27256553},
	langid = {eng}
}

@article{schneider2016,
	title = {Autophagy and Schizophrenia: A Closer Look at How Dysregulation of Neuronal Cell Homeostasis Influences the Pathogenesis of Schizophrenia},
	author = {Schneider, Jaime L. and Miller, Ann M. and Woesner, Mary E.},
	year = {2016},
	date = {2016},
	journal = {The Einstein journal of biology and medicine: EJBM},
	pages = {34--39},
	volume = {31},
	number = {1-2},
	doi = {10.23861/EJBM201631752},
	note = {PMID: 28239307
PMCID: PMC5321090},
	langid = {eng}
}

@article{vucicevic2018,
	title = {Mechanisms and therapeutic significance of autophagy modulation by antipsychotic drugs},
	author = {Vucicevic, Ljubica and Misirkic-Marjanovic, Maja and Harhaji-Trajkovic, Ljubica and Maric, Nadja and Trajkovic, Vladimir},
	year = {2018},
	month = {10},
	date = {2018-10-25},
	journal = {Cell Stress},
	pages = {282--291},
	volume = {2},
	number = {11},
	doi = {10.15698/cst2018.11.161},
	note = {PMID: 31225453
PMCID: PMC6551804},
	langid = {eng}
}

@article{nixon2013,
	title = {The role of autophagy in neurodegenerative disease},
	author = {Nixon, Ralph A.},
	year = {2013},
	month = {08},
	date = {2013-08},
	journal = {Nature Medicine},
	pages = {983--997},
	volume = {19},
	number = {8},
	doi = {10.1038/nm.3232},
	note = {PMID: 23921753},
	langid = {eng}
}

@article{horesh2011,
	title = {Gene expression signature is shared by patients with Alzheimer's disease and schizophrenia at the superior temporal gyrus},
	author = {Horesh, Y. and Katsel, P. and Haroutunian, V. and Domany, E.},
	year = {2011},
	month = {03},
	date = {2011-03},
	journal = {European Journal of Neurology},
	pages = {410--424},
	volume = {18},
	number = {3},
	doi = {10.1111/j.1468-1331.2010.03166.x},
	note = {PMID: 20695885},
	langid = {eng}
}

@article{barnes2011,
	title = {Transcription and pathway analysis of the superior temporal cortex and anterior prefrontal cortex in schizophrenia},
	author = {Barnes, Michael R. and Huxley-Jones, Julie and Maycox, Peter R. and Lennon, Mark and Thornber, Amy and Kelly, Fiona and Bates, Stewart and Taylor, Adam and Reid, Juliet and Jones, Neil and Schroeder, {Jörn} and Scorer, Carol A. and Davies, Ceri and Hagan, Jim J. and Kew, James N. C. and Angelinetta, Claire and Akbar, Tariq and Hirsch, Steven and Mortimer, Ann M. and Barnes, Thomas R. E. and de Belleroche, Jackie},
	year = {2011},
	month = {08},
	date = {2011-08},
	journal = {Journal of Neuroscience Research},
	pages = {1218--1227},
	volume = {89},
	number = {8},
	doi = {10.1002/jnr.22647},
	note = {PMID: 21538462},
	langid = {eng}
}

@article{merenlenderwagner2015,
	title = {Autophagy has a key role in the pathophysiology of schizophrenia},
	author = {Merenlender-Wagner, A and Malishkevich, A and Shemer, Z and Udawela, M and Gibbons, A and Scarr, E and Dean, B and Levine, J and Agam, G and Gozes, I},
	year = {2015},
	month = {02},
	date = {2015-02},
	journal = {Molecular Psychiatry},
	pages = {126--132},
	volume = {20},
	number = {1},
	doi = {10.1038/mp.2013.174},
	url = {http://www.nature.com/articles/mp2013174},
	langid = {en}
}

@article{zhang2013,
	title = {Why should autophagic flux be assessed?},
	author = {Zhang, Xiao-jie and Chen, Sheng and Huang, Kai-xing and Le, Wei-dong},
	year = {2013},
	month = {05},
	date = {2013-05},
	journal = {Acta Pharmacologica Sinica},
	pages = {595--599},
	volume = {34},
	number = {5},
	doi = {10.1038/aps.2012.184},
	note = {PMID: 23474710
PMCID: PMC4002868},
	langid = {eng}
}

@article{valenstein2006,
	title = {Antipsychotic adherence over time among patients receiving treatment for schizophrenia: a retrospective review},
	author = {Valenstein, Marcia and Ganoczy, Dara and McCarthy, John F. and Myra Kim, Hyungjin and Lee, Todd A. and Blow, Frederic C.},
	year = {2006},
	month = {10},
	date = {2006-10},
	journal = {The Journal of Clinical Psychiatry},
	pages = {1542--1550},
	volume = {67},
	number = {10},
	doi = {10.4088/jcp.v67n1008},
	note = {PMID: 17107245},
	langid = {eng}
}

@article{valente2014,
	title = {Expression and clinical significance of the autophagy proteins BECLIN 1 and LC3 in ovarian cancer},
	author = {Valente, Guido and Morani, Federica and Nicotra, Giuseppina and Fusco, Nicola and Peracchio, Claudia and Titone, Rossella and Alabiso, Oscar and Arisio, Riccardo and Katsaros, Dyonissios and Benedetto, Chiara and Isidoro, Ciro},
	year = {2014},
	date = {2014},
	journal = {BioMed Research International},
	pages = {462658},
	volume = {2014},
	doi = {10.1155/2014/462658},
	note = {PMID: 25136588
PMCID: PMC4127242},
	langid = {eng}
}

@article{salas1980,
	title = {Liver ultrastructure during acute stress},
	author = {Salas, M. and Tuchweber, B. and Kourounakis, P.},
	year = {1980},
	date = {1980},
	journal = {Pathology, Research and Practice},
	pages = {217--233},
	volume = {167},
	number = {2-4},
	doi = {10.1016/S0344-0338(80)80052-5},
	note = {PMID: 7433233},
	langid = {eng}
}

@article{lee2015,
	title = {The anti-hypertensive drug reserpine induces neuronal cell death through inhibition of autophagic flux},
	author = {Lee, Kang Il and Kim, Min Ju and Koh, Hyongjong and Lee, Jin I. and Namkoong, Sim and Oh, Won Keun and Park, Junsoo},
	year = {2015},
	month = {07},
	date = {2015-07-10},
	journal = {Biochemical and Biophysical Research Communications},
	pages = {402--408},
	volume = {462},
	number = {4},
	doi = {10.1016/j.bbrc.2015.04.145},
	note = {PMID: 25976674},
	langid = {eng}
}

@article{zhang2007,
	title = {Small molecule regulators of autophagy identified by an image-based high-throughput screen},
	author = {Zhang, Lihong and Yu, Jia and Pan, Heling and Hu, Ping and Hao, Yan and Cai, Wenqing and Zhu, Hong and Yu, Albert D. and Xie, Xin and Ma, Dawei and Yuan, Junying},
	year = {2007},
	month = {11},
	date = {2007-11-27},
	journal = {Proceedings of the National Academy of Sciences of the United States of America},
	pages = {19023--19028},
	volume = {104},
	number = {48},
	doi = {10.1073/pnas.0709695104},
	note = {PMID: 18024584
PMCID: PMC2141901},
	langid = {eng}
}

@article{loos2014,
	title = {Defining and measuring autophagosome flux{\textemdash}concept and reality},
	author = {Loos, Ben and du Toit, {André} and Hofmeyr, Jan-Hendrik S.},
	year = {2014},
	date = {2014},
	journal = {Autophagy},
	pages = {2087--2096},
	volume = {10},
	number = {11},
	doi = {10.4161/15548627.2014.973338},
	note = {PMID: 25484088
PMCID: PMC4502790},
	langid = {eng}
}

@article{vucicevic2014,
	title = {Autophagy inhibition uncovers the neurotoxic action of the antipsychotic drug olanzapine},
	author = {Vucicevic, Ljubica and Misirkic-Marjanovic, Maja and Paunovic, Verica and Kravic-Stevovic, Tamara and Martinovic, Tamara and Ciric, Darko and Maric, Nadja and Petricevic, Sasa and Harhaji-Trajkovic, Ljubica and Bumbasirevic, Vladimir and Trajkovic, Vladimir},
	year = {2014},
	date = {2014},
	journal = {Autophagy},
	pages = {2362--2378},
	volume = {10},
	number = {12},
	doi = {10.4161/15548627.2014.984270},
	note = {PMID: 25551567
PMCID: PMC4502661},
	langid = {eng}
}

@article{kim2018,
	title = {The antipsychotic agent clozapine induces autophagy via the AMPK-ULK1-Beclin1 signaling pathway in the rat frontal cortex},
	author = {Kim, Se Hyun and Park, Soyoung and Yu, Hyun Sook and Ko, Kyung Hee and Park, Hong Geun and Kim, Yong Sik},
	year = {2018},
	month = {02},
	date = {2018-02-02},
	journal = {Progress in Neuro-Psychopharmacology & Biological Psychiatry},
	pages = {96--104},
	volume = {81},
	doi = {10.1016/j.pnpbp.2017.10.012},
	note = {PMID: 29079139},
	langid = {eng}
}

@article{patergnani2021,
	title = {Antipsychotic drugs counteract autophagy and mitophagy in multiple sclerosis},
	author = {Patergnani, Simone and Bonora, Massimo and Ingusci, Selene and Previati, Maurizio and Marchi, Saverio and Zucchini, Silvia and Perrone, Mariasole and Wieckowski, Mariusz R. and Castellazzi, Massimiliano and Pugliatti, Maura and Giorgi, Carlotta and Simonato, Michele and Pinton, Paolo},
	year = {2021},
	month = {06},
	date = {2021-06-15},
	journal = {Proceedings of the National Academy of Sciences},
	pages = {e2020078118},
	volume = {118},
	number = {24},
	doi = {10.1073/pnas.2020078118},
	url = {https://pnas.org/doi/full/10.1073/pnas.2020078118},
	langid = {en}
}

@article{luza2020,
	title = {The ubiquitin proteasome system and schizophrenia},
	author = {Luza, Sandra and Opazo, Carlos M and Bousman, Chad A and Pantelis, Christos and Bush, Ashley I and Everall, Ian P},
	year = {2020},
	month = {06},
	date = {2020-06},
	journal = {The Lancet Psychiatry},
	pages = {528--537},
	volume = {7},
	number = {6},
	doi = {10.1016/S2215-0366(19)30520-6},
	url = {https://linkinghub.elsevier.com/retrieve/pii/S2215036619305206},
	langid = {en}
}

@article{hegde2017,
	title = {Proteolysis, synaptic plasticity and memory},
	author = {Hegde, Ashok N.},
	year = {2017},
	month = {02},
	date = {2017-02},
	journal = {Neurobiology of Learning and Memory},
	pages = {98--110},
	volume = {138},
	doi = {10.1016/j.nlm.2016.09.003},
	note = {PMID: 27614141
PMCID: PMC5336522},
	langid = {eng}
}

@article{zajicek2021,
	title = {Remodeling without destruction: non-proteolytic ubiquitin chains in neural function and brain disorders},
	author = {Zajicek, Alexis and Yao, Wei-Dong},
	year = {2021},
	month = {01},
	date = {2021-01},
	journal = {Molecular Psychiatry},
	pages = {247--264},
	volume = {26},
	number = {1},
	doi = {10.1038/s41380-020-0849-7},
	note = {PMID: 32709994},
	langid = {eng}
}

@article{strobl1990,
	title = {Inhibition of human breast cancer cell proliferation in tissue culture by the neuroleptic agents pimozide and thioridazine},
	author = {Strobl, J. S. and Kirkwood, K. L. and Lantz, T. K. and Lewine, M. A. and Peterson, V. A. and Worley, J. F.},
	year = {1990},
	month = {09},
	date = {1990-09-01},
	journal = {Cancer Research},
	pages = {5399--5405},
	volume = {50},
	number = {17},
	note = {PMID: 2386945},
	langid = {eng}
}

@article{dakir2018,
	title = {The anti-psychotic drug pimozide is a novel chemotherapeutic for breast cancer},
	author = {Dakir, El-Habib and Pickard, Adam and Srivastava, Kirtiman and McCrudden, Cian M. and Gross, Stephane R. and Lloyd, Stephen and Zhang, Shu-Dong and Margariti, Andriana and Morgan, Richard and Rudland, Philip S. and El-Tanani, Mohamed},
	year = {2018},
	month = {10},
	date = {2018-10-09},
	journal = {Oncotarget},
	pages = {34889--34910},
	volume = {9},
	number = {79},
	doi = {10.18632/oncotarget.26175},
	note = {PMID: 30405882
PMCID: PMC6201850},
	langid = {eng}
}

@article{park2020,
	title = {Ubiquitin-proteasome system (UPS) as a target for anticancer treatment},
	author = {Park, Jinyoung and Cho, Jinhong and Song, Eun Joo},
	year = {2020},
	month = {11},
	date = {2020-11},
	journal = {Archives of Pharmacal Research},
	pages = {1144--1161},
	volume = {43},
	number = {11},
	doi = {10.1007/s12272-020-01281-8},
	note = {PMID: 33165832
PMCID: PMC7651821},
	langid = {eng}
}

@article{demirel2017,
	title = {Decreased Expression of α-Synuclein, Nogo-A and UCH-L1 in Patients with Schizophrenia: A Preliminary Serum Study},
	author = {Demirel, {Ömer Faruk} and Cetin, {{\.{I}}hsan} and Turan, {{\c{S}}enol} and {Sa{\u{g}}lam}, {Tar{\i}k} and {Y{\i}ld{\i}z}, {Naz{\i}m} and Duran, Alaattin},
	year = {2017},
	month = {05},
	date = {2017-05},
	journal = {Psychiatry Investigation},
	pages = {344--349},
	volume = {14},
	number = {3},
	doi = {10.4306/pi.2017.14.3.344},
	note = {PMID: 28539953
PMCID: PMC5440437},
	langid = {eng}
}

@article{andrews2017,
	title = {Alterations of ubiquitin related proteins in the pathology and development of schizophrenia: Evidence from human and animal studies},
	author = {Andrews, Jessica L. and Goodfellow, Frederic J. and Matosin, Natalie and Snelling, Mollie K. and Newell, Kelly A. and Huang, Xu-Feng and Fernandez-Enright, Francesca},
	year = {2017},
	month = {07},
	date = {2017-07},
	journal = {Journal of Psychiatric Research},
	pages = {31--39},
	volume = {90},
	doi = {10.1016/j.jpsychires.2017.01.009},
	url = {https://linkinghub.elsevier.com/retrieve/pii/S0022395617300705},
	langid = {en}
}

@article{wang2017,
	title = {Ubiquitin C-terminal hydrolase-L1 (UCH-L1) as a therapeutic and diagnostic target in neurodegeneration, neurotrauma and neuro-injuries},
	author = {Wang, Kevin K. and Yang, Zhihui and Sarkis, George and Torres, Isabel and Raghavan, Vijaya},
	year = {2017},
	month = {06},
	date = {2017-06},
	journal = {Expert Opinion on Therapeutic Targets},
	pages = {627--638},
	volume = {21},
	number = {6},
	doi = {10.1080/14728222.2017.1321635},
	note = {PMID: 28434268},
	langid = {eng}
}

@article{altar2005,
	title = {Deficient Hippocampal Neuron Expression of Proteasome, Ubiquitin, and Mitochondrial Genes in Multiple Schizophrenia Cohorts},
	author = {Altar, C. Anthony and Jurata, Linda W. and Charles, Vin and Lemire, Andrew and Liu, Peng and Bukhman, Yury and Young, Theresa A. and Bullard, Jeff and Yokoe, Hiroko and Webster, Maree J. and Knable, Michael B. and Brockman, Jeffrey A.},
	year = {2005},
	month = {07},
	date = {2005-07},
	journal = {Biological Psychiatry},
	pages = {85--96},
	volume = {58},
	number = {2},
	doi = {10.1016/j.biopsych.2005.03.031},
	url = {https://linkinghub.elsevier.com/retrieve/pii/S0006322305003744},
	langid = {en}
}

@article{bousman2019,
	title = {Elevated ubiquitinated proteins in brain and blood of individuals with schizophrenia},
	author = {Bousman, Chad A. and Luza, Sandra and Mancuso, Serafino G. and Kang, Dali and Opazo, Carlos M. and Mostaid, Md. Shaki and Cropley, Vanessa and McGorry, Patrick and Shannon Weickert, Cynthia and Pantelis, Christos and Bush, Ashley I. and Everall, Ian P.},
	year = {2019},
	month = {12},
	date = {2019-12},
	journal = {Scientific Reports},
	pages = {2307},
	volume = {9},
	number = {1},
	doi = {10.1038/s41598-019-38490-1},
	url = {http://www.nature.com/articles/s41598-019-38490-1},
	langid = {en}
}

@article{brandãoteles2019,
	title = {Biochemical Pathways Triggered by Antipsychotics in Human [corrected] Oligodendrocytes: Potential of Discovering New Treatment Targets},
	author = {{Brandão-Teles}, Caroline and de Almeida, {Valéria} and Cassoli, Juliana S. and Martins-de-Souza, Daniel},
	year = {2019},
	date = {2019},
	journal = {Frontiers in Pharmacology},
	pages = {186},
	volume = {10},
	doi = {10.3389/fphar.2019.00186},
	note = {PMID: 30890939
PMCID: PMC6411851},
	langid = {eng}
}

@article{varshavsky2011,
	title = {The N-end rule pathway and regulation by proteolysis},
	author = {Varshavsky, Alexander},
	year = {2011},
	month = {08},
	date = {2011-08},
	journal = {Protein Science: A Publication of the Protein Society},
	pages = {1298--1345},
	volume = {20},
	number = {8},
	doi = {10.1002/pro.666},
	note = {PMID: 21633985
PMCID: PMC3189519},
	langid = {eng}
}

@article{varshavsky2019,
	title = {N-degron and C-degron pathways of protein degradation},
	author = {Varshavsky, Alexander},
	year = {2019},
	month = {01},
	date = {2019-01-08},
	journal = {Proceedings of the National Academy of Sciences},
	pages = {358--366},
	volume = {116},
	number = {2},
	doi = {10.1073/pnas.1816596116},
	url = {https://pnas.org/doi/full/10.1073/pnas.1816596116},
	langid = {en}
}

@article{timms2020,
	title = {Tying up loose ends: the N-degron and C-degron pathways of protein degradation},
	author = {Timms, Richard T. and Koren, Itay},
	year = {2020},
	month = {08},
	date = {2020-08-28},
	journal = {Biochemical Society Transactions},
	pages = {1557--1567},
	volume = {48},
	number = {4},
	doi = {10.1042/BST20191094},
	url = {https://portlandpress.com/biochemsoctrans/article/48/4/1557/225705/Tying-up-loose-ends-the-N-degron-and-C-degron},
	langid = {en}
}

@article{choi2010,
	title = {Structural basis for the recognition of N-end rule substrates by the UBR box of ubiquitin ligases},
	author = {Choi, Woo Suk and Jeong, Byung-Cheon and Joo, Yoo Jin and Lee, Myeong-Ryeol and Kim, Joon and Eck, Michael J. and Song, Hyun Kyu},
	year = {2010},
	month = {10},
	date = {2010-10},
	journal = {Nature Structural & Molecular Biology},
	pages = {1175--1181},
	volume = {17},
	number = {10},
	doi = {10.1038/nsmb.1907},
	note = {PMID: 20835240},
	langid = {eng}
}

@article{erdely2006,
	title = {Regional alterations in RGS4 protein in schizophrenia},
	author = {Erdely, Holly A. and Tamminga, Carol A. and Roberts, Rosalinda C. and Vogel, Michael W.},
	year = {2006},
	month = {06},
	date = {2006-06-15},
	journal = {Synapse (New York, N.Y.)},
	pages = {472--479},
	volume = {59},
	number = {8},
	doi = {10.1002/syn.20265},
	note = {PMID: 16565965},
	langid = {eng}
}

@article{chowdari2007,
	title = {Linkage Disequilibrium Patterns and Functional Analysis of RGS4 Polymorphisms in Relation to Schizophrenia},
	author = {Chowdari, K. V. and Bamne, M. and Wood, J. and Talkowski, M. E. and Mirnics, K. and Levitt, P. and Lewis, D. A. and Nimgaonkar, V. L.},
	year = {2007},
	month = {10},
	date = {2007-10-27},
	journal = {Schizophrenia Bulletin},
	pages = {118--126},
	volume = {34},
	number = {1},
	doi = {10.1093/schbul/sbm042},
	url = {https://academic.oup.com/schizophreniabulletin/article-lookup/doi/10.1093/schbul/sbm042},
	langid = {en}
}

@article{jeon2021,
	title = {The Antipsychotic Drug Clozapine Suppresses the RGS4 Polyubiquitylation and Proteasomal Degradation Mediated by the Arg/N-Degron Pathway},
	author = {Jeon, Jun Hyoung and Oh, Tae Rim and Park, Seoyoung and Huh, Sunghoo and Kim, Ji Hyeon and Mai, Binh Khanh and Lee, Jung Hoon and Kim, Se Hyun and Lee, Min Jae},
	year = {2021},
	month = {07},
	date = {2021-07},
	journal = {Neurotherapeutics: The Journal of the American Society for Experimental NeuroTherapeutics},
	pages = {1768--1782},
	volume = {18},
	number = {3},
	doi = {10.1007/s13311-021-01039-0},
	note = {PMID: 33884581
PMCID: PMC8608952},
	langid = {eng}
}
