% Generated by Paperpile. Check out https://paperpile.com for more information.
% BibTeX export options can be customized via Settings -> BibTeX.

@BOOK{Brown2019-oq,
  title     = "Lithium: A Doctor, a Drug, and a Breakthrough",
  author    = "Brown, Walter A",
  publisher = "Liveright Publishing",
  month     =  aug,
  year      =  2019,
  language  = "en",
  isbn      = "9781631492006"
}

@BOOK{Foley2018-xu,
  title     = "Encephalitis Lethargica: The Mind and Brain Virus",
  author    = "Foley, Paul Bernard",
  publisher = "Springer",
  month     =  feb,
  year      =  2018,
  language  = "en",
  isbn      = "9781493903849"
}

@BOOK{Stahl2013-lk,
  title     = "Stahl's Essential Psychopharmacology: Neuroscientific Basis and
               Practical Applications",
  author    = "Stahl, Stephen M",
  publisher = "Cambridge University Press",
  month     =  apr,
  year      =  2013,
  language  = "en",
  isbn      = "9781107686465"
}

@BOOK{Tretter2010-yo,
  title     = "Systems Biology in Psychiatric Research: From {High-Throughput}
               Data to Mathematical Modeling",
  author    = "Tretter, Felix and Winterer, Georg and Gebicke-Haerter, Peter J
               and Mendoza, Eduardo R",
  publisher = "John Wiley \& Sons",
  month     =  mar,
  year      =  2010,
  language  = "en",
  isbn      = "9783527630288"
}

@article{ban2007,
	title = {Fifty years chlorpromazine: a historical perspective},
	author = {Ban, Thomas A.},
	year = {2007},
	month = {08},
	date = {2007-08},
	journal = {Neuropsychiatric Disease and Treatment},
	pages = {495--500},
	volume = {3},
	number = {4},
	note = {PMID: 19300578
PMCID: PMC2655089},
	langid = {eng}
}

@article{kunz2014,
	title = {Henri Laborit and the inhibition of action},
	author = {Kunz, Edward},
	year = {2014},
	month = {03},
	date = {2014-03},
	journal = {Dialogues in Clinical Neuroscience},
	pages = {113--117},
	volume = {16},
	number = {1},
	note = {PMID: 24733976
PMCID: PMC3984888},
	langid = {eng}
}

@article{healy1998,
	title = {Pioneers in Psychopharmacology},
	author = {Healy, David},
	year = {1998},
	month = {12},
	date = {1998-12},
	journal = {The International Journal of Neuropsychopharmacology},
	pages = {191--194},
	volume = {1},
	number = {2},
	doi = {10.1017/S146114579800114X},
	note = {PMID: 11281963},
	langid = {eng}
}

@article{l칩pezmu침oz2005,
	title = {The history of barbiturates a century after their clinical introduction},
	author = {{L칩pez-Mu침oz}, Francisco and Ucha-Udabe, Ronaldo and Alamo, Cecilio},
	year = {2005},
	month = {12},
	date = {2005-12},
	journal = {Neuropsychiatric Disease and Treatment},
	pages = {329--343},
	volume = {1},
	number = {4},
	note = {PMID: 18568113
PMCID: PMC2424120},
	langid = {eng}
}

@article{robinson2018,
	title = {Psychopharmacology: From serendipitous discoveries to rationale design, but what next?},
	author = {Robinson, Emma},
	year = {2018},
	month = {01},
	date = {2018-01},
	journal = {Brain and Neuroscience Advances},
	pages = {239821281881262},
	volume = {2},
	doi = {10.1177/2398212818812629},
	url = {http://journals.sagepub.com/doi/10.1177/2398212818812629},
	langid = {en}
}

@article{wick2013,
	title = {The History of Benzodiazepines},
	author = {Wick, Jeannette Y.},
	year = {2013},
	month = {09},
	date = {2013-09-01},
	journal = {The Consultant Pharmacist},
	pages = {538--548},
	volume = {28},
	number = {9},
	doi = {10.4140/TCP.n.2013.538},
	url = {http://www.ingentaconnect.com/content/ascp/tcp/2013/00000028/00000009/art00001}
}

@article{shorter2009,
	title = {The history of lithium therapy},
	author = {Shorter, Edward},
	year = {2009},
	month = {06},
	date = {2009-06},
	journal = {Bipolar Disorders},
	pages = {4--9},
	volume = {11 Suppl 2},
	doi = {10.1111/j.1399-5618.2009.00706.x},
	note = {PMID: 19538681
PMCID: PMC3712976},
	langid = {eng}
}

@article{schildkraut1965,
	title = {The catecholamine hypothesis of affective disorders: a review of supporting evidence},
	author = {Schildkraut, J. J.},
	year = {1965},
	month = {11},
	date = {1965-11},
	journal = {The American Journal of Psychiatry},
	pages = {509--522},
	volume = {122},
	number = {5},
	doi = {10.1176/ajp.122.5.509},
	note = {PMID: 5319766},
	langid = {eng}
}
