
@article{sainath2015,
	title = {Cytoskeletal and signaling mechanisms of neurite formation},
	author = {Sainath, Rajiv and Gallo, Gianluca},
	year = {2015},
	month = {01},
	date = {2015-01},
	journal = {Cell and Tissue Research},
	pages = {267--278},
	volume = {359},
	number = {1},
	doi = {10.1007/s00441-014-1955-0},
	note = {PMID: 25080065
PMCID: PMC4286448},
	langid = {eng}
}

@article{lasser2018,
	title = {The Role of the Microtubule Cytoskeleton in Neurodevelopmental Disorders},
	author = {Lasser, Micaela and Tiber, Jessica and Lowery, Laura Anne},
	year = {2018},
	month = {06},
	date = {2018-06-14},
	journal = {Frontiers in Cellular Neuroscience},
	pages = {165},
	volume = {12},
	doi = {10.3389/fncel.2018.00165},
	url = {https://www.frontiersin.org/article/10.3389/fncel.2018.00165/full}
}

@article{dent2014,
	title = {Microtubules in neurons as information carriers},
	author = {Dent, Erik W. and Baas, Peter W.},
	year = {2014},
	month = {04},
	date = {2014-04},
	journal = {Journal of Neurochemistry},
	pages = {235--239},
	volume = {129},
	number = {2},
	doi = {10.1111/jnc.12621},
	note = {PMID: 24266899
PMCID: PMC3979999},
	langid = {eng}
}

@article{nakamura2020,
	title = {Collapsin Response Mediator Proteins: Their Biological Functions and Pathophysiology in Neuronal Development and Regeneration},
	author = {Nakamura, Fumio and Ohshima, Toshio and Goshima, Yoshio},
	year = {2020},
	date = {2020},
	journal = {Frontiers in Cellular Neuroscience},
	pages = {188},
	volume = {14},
	doi = {10.3389/fncel.2020.00188},
	note = {PMID: 32655376
PMCID: PMC7325199},
	langid = {eng}
}

@article{cuveillier2021,
	title = {Beyond Neuronal Microtubule Stabilization: MAP6 and CRMPS, Two Converging Stories},
	author = {Cuveillier, Camille and Boulan, Benoit and Ravanello, Charlotte and Denarier, Eric and Deloulme, Jean-Christophe and {Gory-Fauré}, Sylvie and Delphin, Christian and Bosc, Christophe and Arnal, Isabelle and Andrieux, Annie},
	year = {2021},
	date = {2021},
	journal = {Frontiers in Molecular Neuroscience},
	pages = {665693},
	volume = {14},
	doi = {10.3389/fnmol.2021.665693},
	note = {PMID: 34025352
PMCID: PMC8131560},
	langid = {eng}
}

@article{andrieux2002,
	title = {The suppression of brain cold-stable microtubules in mice induces synaptic defects associated with neuroleptic-sensitive behavioral disorders},
	author = {Andrieux, Annie and Salin, Paul A. and Vernet, Muriel and Kujala, Pekka and Baratier, Julie and {Gory-Fauré}, Sylvie and Bosc, Christophe and Pointu, {Hervé} and Proietto, Dominique and Schweitzer, Annie and Denarier, Eric and Klumperman, Judith and Job, Didier},
	year = {2002},
	month = {09},
	date = {2002-09-15},
	journal = {Genes & Development},
	pages = {2350--2364},
	volume = {16},
	number = {18},
	doi = {10.1101/gad.223302},
	note = {PMID: 12231625
PMCID: PMC187434},
	langid = {eng}
}

@article{brun2005,
	title = {Dopaminergic transmission in STOP null mice},
	author = {Brun, Philippe and {Bégou}, {Mélina} and Andrieux, Annie and Mouly-Badina, Laurence and Clerget, Magali and Schweitzer, Annie and Scarna, {Hélène} and Renaud, Bernard and Job, Didier and Suaud-Chagny, {Marie-Françoise}},
	year = {2005},
	month = {07},
	date = {2005-07},
	journal = {Journal of Neurochemistry},
	pages = {63--73},
	volume = {94},
	number = {1},
	doi = {10.1111/j.1471-4159.2005.03166.x},
	note = {PMID: 15953350},
	langid = {eng}
}

@article{fradley2005,
	title = {STOP knockout and NMDA NR1 hypomorphic mice exhibit deficits in sensorimotor gating},
	author = {Fradley, Rosa L. and {O'Meara}, Gillian F. and Newman, Richard J. and Andrieux, Annie and Job, Didier and Reynolds, David S.},
	year = {2005},
	month = {09},
	date = {2005-09-08},
	journal = {Behavioural Brain Research},
	pages = {257--264},
	volume = {163},
	number = {2},
	doi = {10.1016/j.bbr.2005.05.012},
	note = {PMID: 16046005},
	langid = {eng}
}

@article{powell2007,
	title = {Cognitive impairments in the STOP null mouse model of schizophrenia},
	author = {Powell, Kelly J. and Hori, Sarah E. and Leslie, Ronald and Andrieux, Annie and Schellinck, Heather and Thorne, Michael and Robertson, George S.},
	year = {2007},
	month = {10},
	date = {2007-10},
	journal = {Behavioral Neuroscience},
	pages = {826--835},
	volume = {121},
	number = {5},
	doi = {10.1037/0735-7044.121.5.826},
	note = {PMID: 17907815},
	langid = {eng}
}

@article{bégou2008,
	title = {The stop null mice model for schizophrenia displays [corrected] cognitive and social deficits partly alleviated by neuroleptics},
	author = {{Bégou}, M. and Volle, J. and Bertrand, J.-B. and Brun, P. and Job, D. and Schweitzer, A. and Saoud, M. and {D'Amato}, T. and Andrieux, A. and Suaud-Chagny, M.-F.},
	year = {2008},
	month = {11},
	date = {2008-11-11},
	journal = {Neuroscience},
	pages = {29--39},
	volume = {157},
	number = {1},
	doi = {10.1016/j.neuroscience.2008.07.080},
	note = {PMID: 18804150},
	langid = {eng}
}

@article{jonckheere2018,
	title = {Short- and long-term efficacy of electroconvulsive stimulation in animal models of depression: The essential role of neuronal survival},
	author = {Jonckheere, Julie and Deloulme, Jean-Christophe and {Dall'Igna}, {Gaëlle} and Chauliac, Nicolas and Pelluet, Albane and Nguon, Anne-Sophie and Lentini, Celia and Brocard, Jacques and Denarier, Eric and {Brugière}, Sabine and {Couté}, Yohann and Heinrich, Christophe and Porcher, Christophe and Holtzmann, {Jérôme} and Andrieux, Annie and Suaud-Chagny, {Marie-Françoise} and {Gory-Fauré}, Sylvie},
	year = {2018},
	month = {12},
	date = {2018-12},
	journal = {Brain Stimulation},
	pages = {1336--1347},
	volume = {11},
	number = {6},
	doi = {10.1016/j.brs.2018.08.001},
	note = {PMID: 30146428},
	langid = {eng}
}

@article{andrieux2006,
	title = {Microtubule Stabilizer Ameliorates Synaptic Function and Behavior in a Mouse Model for Schizophrenia},
	author = {Andrieux, Annie and Salin, Paul and Schweitzer, Annie and {Bégou}, {Mélina} and Pachoud, Bastien and Brun, Philippe and {Gory-Fauré}, Sylvie and Kujala, Pekka and Suaud-Chagny, {Marie-Françoise} and {Höfle}, Gerhard and Job, Didier},
	year = {2006},
	month = {12},
	date = {2006-12},
	journal = {Biological Psychiatry},
	pages = {1224--1230},
	volume = {60},
	number = {11},
	doi = {10.1016/j.biopsych.2006.03.048},
	url = {https://linkinghub.elsevier.com/retrieve/pii/S0006322306004860},
	langid = {en}
}

@article{merenlenderwagner2010,
	title = {NAP (davunetide) enhances cognitive behavior in the STOP heterozygous mouse--a microtubule-deficient model of schizophrenia},
	author = {Merenlender-Wagner, Avia and Pikman, Regina and Giladi, Eliezer and Andrieux, Annie and Gozes, Illana},
	year = {2010},
	month = {07},
	date = {2010-07},
	journal = {Peptides},
	pages = {1368--1373},
	volume = {31},
	number = {7},
	doi = {10.1016/j.peptides.2010.04.011},
	note = {PMID: 20417241},
	langid = {eng}
}

@article{gozes2011,
	title = {Microtubules, schizophrenia and cognitive behavior: preclinical development of davunetide (NAP) as a peptide-drug candidate},
	author = {Gozes, Illana},
	year = {2011},
	month = {02},
	date = {2011-02},
	journal = {Peptides},
	pages = {428--431},
	volume = {32},
	number = {2},
	doi = {10.1016/j.peptides.2010.10.030},
	note = {PMID: 21050875},
	langid = {eng}
}

@article{clark2020,
	title = {Epothilone D alters normal growth, viability and microtubule dependent intracellular functions of cortical neurons in vitro},
	author = {Clark, J. A. and Chuckowree, J. A. and Dyer, M. S. and Dickson, T. C. and Blizzard, C. A.},
	year = {2020},
	month = {12},
	date = {2020-12},
	journal = {Scientific Reports},
	pages = {918},
	volume = {10},
	number = {1},
	doi = {10.1038/s41598-020-57718-z},
	url = {http://www.nature.com/articles/s41598-020-57718-z},
	langid = {en}
}

@article{javitt2012,
	title = {Effect of the neuroprotective peptide davunetide (AL-108) on cognition and functional capacity in schizophrenia},
	author = {Javitt, Daniel C. and Buchanan, Robert W. and Keefe, Richard S.E. and Kern, Robert and McMahon, Robert P. and Green, Michael F. and Lieberman, Jeffrey and Goff, Donald C. and Csernansky, John G. and McEvoy, Joseph P. and Jarskog, Fred and Seidman, Larry J. and Gold, James M. and Kimhy, David and Nolan, Karen S. and Barch, Deanna S. and Ball, M. Patricia and Robinson, James and Marder, Stephen R.},
	year = {2012},
	month = {04},
	date = {2012-04},
	journal = {Schizophrenia Research},
	pages = {25--31},
	volume = {136},
	number = {1-3},
	doi = {10.1016/j.schres.2011.11.001},
	url = {https://linkinghub.elsevier.com/retrieve/pii/S0920996411005640},
	langid = {en}
}

@article{rohena2014,
	title = {Recent progress with microtubule stabilizers: new compounds, binding modes and cellular activities},
	author = {Rohena, Cristina C. and Mooberry, Susan L.},
	year = {2014},
	month = {03},
	date = {2014-03},
	journal = {Natural Product Reports},
	pages = {335--355},
	volume = {31},
	number = {3},
	doi = {10.1039/c3np70092e},
	note = {PMID: 24481420
PMCID: PMC4167679},
	langid = {eng}
}

@article{varidaki2018,
	title = {Repositioning Microtubule Stabilizing Drugs for Brain Disorders},
	author = {Varidaki, Artemis and Hong, Ye and Coffey, Eleanor T.},
	year = {2018},
	month = {08},
	date = {2018-08-08},
	journal = {Frontiers in Cellular Neuroscience},
	pages = {226},
	volume = {12},
	doi = {10.3389/fncel.2018.00226},
	url = {https://www.frontiersin.org/article/10.3389/fncel.2018.00226/full}
}

@article{quach2015,
	title = {CRMPs: critical molecules for neurite morphogenesis and neuropsychiatric diseases},
	author = {Quach, T. T. and Honnorat, J. and Kolattukudy, P. E. and Khanna, R. and Duchemin, A. M.},
	year = {2015},
	month = {09},
	date = {2015-09},
	journal = {Molecular Psychiatry},
	pages = {1037--1045},
	volume = {20},
	number = {9},
	doi = {10.1038/mp.2015.77},
	note = {PMID: 26077693},
	langid = {eng}
}

@article{bader2012,
	title = {Proteomic, genomic and translational approaches identify CRMP1 for a role in schizophrenia and its underlying traits},
	author = {Bader, Verian and Tomppo, Liisa and Trossbach, Svenja V. and Bradshaw, Nicholas J. and Prikulis, Ingrid and Leliveld, S. Rutger and Lin, Chi-Ying and Ishizuka, Koko and Sawa, Akira and Ramos, Adriana and Rosa, Isaac and {García}, {Ángel} and Requena, {Jesús R.} and Hipolito, Maria and Rai, Narayan and Nwulia, Evaristus and Henning, Uwe and Ferrea, Stefano and Luckhaus, Christian and Ekelund, Jesper and Veijola, Juha and {Järvelin}, Marjo-Riitta and Hennah, William and Korth, Carsten},
	year = {2012},
	month = {10},
	date = {2012-10-15},
	journal = {Human Molecular Genetics},
	pages = {4406--4418},
	volume = {21},
	number = {20},
	doi = {10.1093/hmg/dds273},
	note = {PMID: 22798627
PMCID: PMC3529585},
	langid = {eng}
}

@article{yamashita2013,
	title = {Mice lacking collapsin response mediator protein 1 manifest hyperactivity, impaired learning and memory, and impaired prepulse inhibition},
	author = {Yamashita, Naoya and Takahashi, Aoi and Takao, Keizo and Yamamoto, Toshifumi and Kolattukudy, Pappachan and Miyakawa, Tsuyoshi and Goshima, Yoshio},
	year = {2013},
	date = {2013},
	journal = {Frontiers in Behavioral Neuroscience},
	pages = {216},
	volume = {7},
	doi = {10.3389/fnbeh.2013.00216},
	note = {PMID: 24409129
PMCID: PMC3873514},
	langid = {eng}
}

@article{kedrackakrok2015,
	title = {Clozapine influences cytoskeleton structure and calcium homeostasis in rat cerebral cortex and has a different proteomic profile than risperidone},
	author = {Kedracka-Krok, Sylwia and Swiderska, Bianka and Jankowska, Urszula and Skupien-Rabian, Bozena and Solich, Joanna and Buczak, Katarzyna and Dziedzicka-Wasylewska, Marta},
	year = {2015},
	month = {03},
	date = {2015-03},
	journal = {Journal of Neurochemistry},
	pages = {657--676},
	volume = {132},
	number = {6},
	doi = {10.1111/jnc.13007},
	note = {PMID: 25475647},
	langid = {eng}
}

@article{morris2003,
	title = {DISC1 (Disrupted-In-Schizophrenia 1) is a centrosome-associated protein that interacts with MAP1A, MIPT3, ATF4/5 and NUDEL: regulation and loss of interaction with mutation},
	author = {Morris, Jill A. and Kandpal, Geeta and Ma, Lei and Austin, Christopher P.},
	year = {2003},
	month = {07},
	date = {2003-07-01},
	journal = {Human Molecular Genetics},
	pages = {1591--1608},
	volume = {12},
	number = {13},
	doi = {10.1093/hmg/ddg162},
	note = {PMID: 12812986},
	langid = {eng}
}

@article{bradshaw2012,
	title = {DISC1-binding proteins in neural development, signalling and schizophrenia},
	author = {Bradshaw, Nicholas J. and Porteous, David J.},
	year = {2012},
	month = {03},
	date = {2012-03},
	journal = {Neuropharmacology},
	pages = {1230--1241},
	volume = {62},
	number = {3},
	doi = {10.1016/j.neuropharm.2010.12.027},
	note = {PMID: 21195721
PMCID: PMC3275753},
	langid = {eng}
}

@article{vaisburd2015,
	title = {Risperidone and NAP protect cognition and normalize gene expression in a schizophrenia mouse model},
	author = {Vaisburd, Sinaya and Shemer, Zeev and Yeheskel, Adva and Giladi, Eliezer and Gozes, Illana},
	year = {2015},
	month = {12},
	date = {2015-12},
	journal = {Scientific Reports},
	pages = {16300},
	volume = {5},
	number = {1},
	doi = {10.1038/srep16300},
	url = {http://www.nature.com/articles/srep16300},
	langid = {en}
}

@article{scholl2021,
	title = {The information theory of developmental pruning: Optimizing global network architectures using local synaptic rules},
	author = {Scholl, Carolin and Rule, Michael E. and Hennig, Matthias H.},
	editor = {Richards, Blake A},
	year = {2021},
	month = {10},
	date = {2021-10-11},
	journal = {PLOS Computational Biology},
	pages = {e1009458},
	volume = {17},
	number = {10},
	doi = {10.1371/journal.pcbi.1009458},
	url = {https://dx.plos.org/10.1371/journal.pcbi.1009458},
	langid = {en}
}

@article{huttenlocher1979,
	title = {Synaptic density in human frontal cortex - developmental changes and effects of aging},
	author = {Huttenlocher, P. R.},
	year = {1979},
	month = {03},
	date = {1979-03-16},
	journal = {Brain Research},
	pages = {195--205},
	volume = {163},
	number = {2},
	doi = {10.1016/0006-8993(79)90349-4},
	note = {PMID: 427544},
	langid = {eng}
}

@article{petanjek2011,
	title = {Extraordinary neoteny of synaptic spines in the human prefrontal cortex},
	author = {Petanjek, Zdravko and {Juda{\v{s}}}, Milos and {{\v{S}}imic}, Goran and Rasin, Mladen Roko and Uylings, Harry B. M. and Rakic, Pasko and Kostovic, Ivica},
	year = {2011},
	month = {08},
	date = {2011-08-09},
	journal = {Proceedings of the National Academy of Sciences of the United States of America},
	pages = {13281--13286},
	volume = {108},
	number = {32},
	doi = {10.1073/pnas.1105108108},
	note = {PMID: 21788513
PMCID: PMC3156171},
	langid = {eng}
}

@article{feinberg1982,
	title = {Schizophrenia: caused by a fault in programmed synaptic elimination during adolescence?},
	author = {Feinberg, I.},
	year = {1982},
	date = {1982},
	journal = {Journal of Psychiatric Research},
	pages = {319--334},
	volume = {17},
	number = {4},
	doi = {10.1016/0022-3956(82)90038-3},
	note = {PMID: 7187776},
	langid = {eng}
}

@article{glantz2000,
	title = {Decreased dendritic spine density on prefrontal cortical pyramidal neurons in schizophrenia},
	author = {Glantz, L. A. and Lewis, D. A.},
	year = {2000},
	month = {01},
	date = {2000-01},
	journal = {Archives of General Psychiatry},
	pages = {65--73},
	volume = {57},
	number = {1},
	doi = {10.1001/archpsyc.57.1.65},
	note = {PMID: 10632234},
	langid = {eng}
}

@article{sun2009,
	title = {Brain surface contraction mapped in first-episode schizophrenia: a longitudinal magnetic resonance imaging study},
	author = {Sun, D. and Stuart, G. W. and Jenkinson, M. and Wood, S. J. and McGorry, P. D. and Velakoulis, D. and van Erp, T. G. M. and Thompson, P. M. and Toga, A. W. and Smith, D. J. and Cannon, T. D. and Pantelis, C.},
	year = {2009},
	month = {10},
	date = {2009-10},
	journal = {Molecular Psychiatry},
	pages = {976--986},
	volume = {14},
	number = {10},
	doi = {10.1038/mp.2008.34},
	note = {PMID: 18607377
PMCID: PMC2773126},
	langid = {eng}
}

@article{onwordi2020,
	title = {Synaptic density marker SV2A is reduced in schizophrenia patients and unaffected by antipsychotics in rats},
	author = {Onwordi, Ellis Chika and Halff, Els F. and Whitehurst, Thomas and Mansur, Ayla and Cotel, Marie-Caroline and Wells, Lisa and Creeney, Hannah and Bonsall, David and Rogdaki, Maria and Shatalina, Ekaterina and Reis Marques, Tiago and Rabiner, Eugenii A. and Gunn, Roger N. and Natesan, Sridhar and Vernon, Anthony C. and Howes, Oliver D.},
	year = {2020},
	month = {12},
	date = {2020-12},
	journal = {Nature Communications},
	pages = {246},
	volume = {11},
	number = {1},
	doi = {10.1038/s41467-019-14122-0},
	url = {http://www.nature.com/articles/s41467-019-14122-0},
	langid = {en}
}

@article{grayson2005,
	title = {Reelin promoter hypermethylation in schizophrenia},
	author = {Grayson, Dennis R. and Jia, Xiaomei and Chen, Ying and Sharma, Rajiv P. and Mitchell, Colin P. and Guidotti, Alessandro and Costa, Erminio},
	year = {2005},
	month = {06},
	date = {2005-06-28},
	journal = {Proceedings of the National Academy of Sciences of the United States of America},
	pages = {9341--9346},
	volume = {102},
	number = {26},
	doi = {10.1073/pnas.0503736102},
	note = {PMID: 15961543
PMCID: PMC1166626},
	langid = {eng}
}

@article{knable2001,
	title = {Multivariate analysis of prefrontal cortical data from the Stanley Foundation Neuropathology Consortium},
	author = {Knable, M. B. and Torrey, E. F. and Webster, M. J. and Bartko, J. J.},
	year = {2001},
	month = {07},
	date = {2001-07-15},
	journal = {Brain Research Bulletin},
	pages = {651--659},
	volume = {55},
	number = {5},
	doi = {10.1016/s0361-9230(01)00521-4},
	note = {PMID: 11576762},
	langid = {eng}
}

@article{chai2009,
	title = {Reelin stabilizes the actin cytoskeleton of neuronal processes by inducing n-cofilin phosphorylation at serine3},
	author = {Chai, Xuejun and {Förster}, Eckart and Zhao, Shanting and Bock, Hans H. and Frotscher, Michael},
	year = {2009},
	month = {01},
	date = {2009-01-07},
	journal = {The Journal of Neuroscience: The Official Journal of the Society for Neuroscience},
	pages = {288--299},
	volume = {29},
	number = {1},
	doi = {10.1523/JNEUROSCI.2934-08.2009},
	note = {PMID: 19129405
PMCID: PMC6664910},
	langid = {eng}
}

@article{stevens2007,
	title = {The Classical Complement Cascade Mediates CNS Synapse Elimination},
	author = {Stevens, Beth and Allen, Nicola J. and Vazquez, Luis E. and Howell, Gareth R. and Christopherson, Karen S. and Nouri, Navid and Micheva, Kristina D. and Mehalow, Adrienne K. and Huberman, Andrew D. and Stafford, Benjamin and Sher, Alexander and Litke, {Alan M.} and Lambris, John D. and Smith, Stephen J. and John, Simon W.M. and Barres, Ben A.},
	year = {2007},
	month = {12},
	date = {2007-12},
	journal = {Cell},
	pages = {1164--1178},
	volume = {131},
	number = {6},
	doi = {10.1016/j.cell.2007.10.036},
	url = {https://linkinghub.elsevier.com/retrieve/pii/S0092867407013554},
	langid = {en}
}

@article{schafer2012,
	title = {Microglia sculpt postnatal neural circuits in an activity and complement-dependent manner},
	author = {Schafer, Dorothy P. and Lehrman, Emily K. and Kautzman, Amanda G. and Koyama, Ryuta and Mardinly, Alan R. and Yamasaki, Ryo and Ransohoff, Richard M. and Greenberg, Michael E. and Barres, Ben A. and Stevens, Beth},
	year = {2012},
	month = {05},
	date = {2012-05-24},
	journal = {Neuron},
	pages = {691--705},
	volume = {74},
	number = {4},
	doi = {10.1016/j.neuron.2012.03.026},
	note = {PMID: 22632727
PMCID: PMC3528177},
	langid = {eng}
}

@article{sekar2016,
	title = {Schizophrenia risk from complex variation of complement component 4},
	author = {Sekar, Aswin and Bialas, Allison R. and de Rivera, Heather and Davis, Avery and Hammond, Timothy R. and Kamitaki, Nolan and Tooley, Katherine and Presumey, Jessy and Baum, Matthew and Van Doren, Vanessa and Genovese, Giulio and Rose, Samuel A. and Handsaker, Robert E. and Schizophrenia Working Group of the Psychiatric Genomics Consortium,  and Daly, Mark J. and Carroll, Michael C. and Stevens, Beth and McCarroll, Steven A.},
	year = {2016},
	month = {02},
	date = {2016-02-11},
	journal = {Nature},
	pages = {177--183},
	volume = {530},
	number = {7589},
	doi = {10.1038/nature16549},
	url = {https://www.nature.com/articles/nature16549},
	langid = {en}
}

@article{sellgren2019,
	title = {Increased synapse elimination by microglia in schizophrenia patient-derived models of synaptic pruning},
	author = {Sellgren, Carl M. and Gracias, Jessica and Watmuff, Bradley and Biag, Jonathan D. and Thanos, Jessica M. and Whittredge, Paul B. and Fu, Ting and Worringer, Kathleen and Brown, Hannah E. and Wang, Jennifer and Kaykas, Ajamete and Karmacharya, Rakesh and Goold, Carleton P. and Sheridan, Steven D. and Perlis, Roy H.},
	year = {2019},
	month = {03},
	date = {2019-03},
	journal = {Nature Neuroscience},
	pages = {374--385},
	volume = {22},
	number = {3},
	doi = {10.1038/s41593-018-0334-7},
	note = {PMID: 30718903
PMCID: PMC6410571},
	langid = {eng}
}

@article{garridomesa2013,
	title = {Minocycline: far beyond an antibiotic},
	author = {Garrido-Mesa, N. and Zarzuelo, A. and {Gálvez}, J.},
	year = {2013},
	month = {05},
	date = {2013-05},
	journal = {British Journal of Pharmacology},
	pages = {337--352},
	volume = {169},
	number = {2},
	doi = {10.1111/bph.12139},
	note = {PMID: 23441623
PMCID: PMC3651660},
	langid = {eng}
}

@article{miyaoka2007,
	title = {Possible antipsychotic effects of minocycline in patients with schizophrenia},
	author = {Miyaoka, Tsuyoshi and Yasukawa, Rei and Yasuda, Hideaki and Hayashida, Maiko and Inagaki, Takuji and Horiguchi, Jun},
	year = {2007},
	month = {01},
	date = {2007-01},
	journal = {Progress in Neuro-Psychopharmacology and Biological Psychiatry},
	pages = {304--307},
	volume = {31},
	number = {1},
	doi = {10.1016/j.pnpbp.2006.08.013},
	url = {https://linkinghub.elsevier.com/retrieve/pii/S0278584606003332},
	langid = {en}
}

@article{solmi2017,
	title = {Systematic review and meta-analysis of the efficacy and safety of minocycline in schizophrenia},
	author = {Solmi, Marco and Veronese, Nicola and Thapa, Nita and Facchini, Silvia and Stubbs, Brendon and Fornaro, Michele and Carvalho, {André F.} and Correll, Christoph U.},
	year = {2017},
	month = {10},
	date = {2017-10},
	journal = {CNS spectrums},
	pages = {415--426},
	volume = {22},
	number = {5},
	doi = {10.1017/S1092852916000638},
	note = {PMID: 28181901},
	langid = {eng}
}

@article{kalil2011,
	title = {Signaling Mechanisms in Cortical Axon Growth, Guidance, and Branching},
	author = {Kalil, Katherine and Li, Li and Hutchins, B. Ian},
	year = {2011},
	date = {2011},
	journal = {Frontiers in Neuroanatomy},
	volume = {5},
	doi = {10.3389/fnana.2011.00062},
	url = {http://journal.frontiersin.org/article/10.3389/fnana.2011.00062/abstract}
}

@article{brandon2009,
	title = {Understanding the Role of DISC1 in Psychiatric Disease and during Normal Development},
	author = {Brandon, N. J. and Millar, J. K. and Korth, C. and Sive, H. and Singh, K. K. and Sawa, A.},
	year = {2009},
	month = {10},
	date = {2009-10-14},
	journal = {Journal of Neuroscience},
	pages = {12768--12775},
	volume = {29},
	number = {41},
	doi = {10.1523/JNEUROSCI.3355-09.2009},
	url = {https://www.jneurosci.org/lookup/doi/10.1523/JNEUROSCI.3355-09.2009},
	langid = {en}
}

@article{faust2021,
	title = {Mechanisms governing activity-dependent synaptic pruning in the developing mammalian CNS},
	author = {Faust, Travis E. and Gunner, Georgia and Schafer, Dorothy P.},
	year = {2021},
	month = {11},
	date = {2021-11},
	journal = {Nature Reviews Neuroscience},
	pages = {657--673},
	volume = {22},
	number = {11},
	doi = {10.1038/s41583-021-00507-y},
	url = {https://www.nature.com/articles/s41583-021-00507-y},
	langid = {en}
}

@article{hong2016,
	title = {New insights on the role of microglia in synaptic pruning in health and disease},
	author = {Hong, Soyon and Dissing-Olesen, Lasse and Stevens, Beth},
	year = {2016},
	month = {02},
	date = {2016-02},
	journal = {Current Opinion in Neurobiology},
	pages = {128--134},
	volume = {36},
	doi = {10.1016/j.conb.2015.12.004},
	note = {PMID: 26745839
PMCID: PMC5479435},
	langid = {eng}
}
