
@article{bowling2016,
	title = {Unlocking the molecular mechanisms of antipsychotics - a new frontier for discovery},
	author = {Bowling, Heather and Santini, Emanuela},
	year = {2016},
	date = {2016},
	journal = {Swiss Medical Weekly},
	pages = {w14314},
	volume = {146},
	doi = {10.4414/smw.2016.14314},
	note = {PMID: 27399321},
	langid = {eng}
}

@article{vater2017,
	title = {New insights into the intracellular distribution pattern of cationic amphiphilic drugs},
	author = {Vater, Magdalena and {Möckl}, Leonhard and Gormanns, Vanessa and Schultz Fademrecht, Carsten and Mallmann, Anna M. and Ziegart-Sadowska, Karolina and Zaba, Monika and Frevert, Marie L. and {Bräuchle}, Christoph and Holsboer, Florian and Rein, Theo and Schmidt, Ulrike and Kirmeier, Thomas},
	year = {2017},
	month = {03},
	date = {2017-03-10},
	journal = {Scientific Reports},
	pages = {44277},
	volume = {7},
	doi = {10.1038/srep44277},
	note = {PMID: 28281674
PMCID: PMC5345070},
	langid = {eng}
}

@article{canfranduque2013,
	title = {Atypical antipsychotics alter cholesterol and fatty acid metabolism in vitro},
	author = {{Canfrán-Duque}, Alberto and Casado, {María E.} and Pastor, Oscar and {Sánchez-Wandelmer}, Jana and {de la Peña}, Gema and Lerma, Milagros and Mariscal, Paloma and Bracher, Franz and {Lasunción}, Miguel A. and Busto, Rebeca},
	year = {2013},
	month = {02},
	date = {2013-02},
	journal = {Journal of Lipid Research},
	pages = {310--324},
	volume = {54},
	number = {2},
	doi = {10.1194/jlr.M026948},
	note = {PMID: 23175778
PMCID: PMC3588861},
	langid = {eng}
}

@article{varalda2020,
	title = {Psychotropic Drugs Show Anticancer Activity by Disrupting Mitochondrial and Lysosomal Function},
	author = {Varalda, Marco and Antona, Annamaria and Bettio, Valentina and Roy, Konkonika and Vachamaram, Ajay and Yellenki, Vaibhav and Massarotti, Alberto and Baldanzi, Gianluca and Capello, Daniela},
	year = {2020},
	month = {10},
	date = {2020-10-19},
	journal = {Frontiers in Oncology},
	pages = {562196},
	volume = {10},
	doi = {10.3389/fonc.2020.562196},
	url = {https://www.frontiersin.org/article/10.3389/fonc.2020.562196/full}
}

@article{seo2014,
	title = {Potential molecular and cellular mechanism of psychotropic drugs},
	author = {Seo, Myoung Suk and Scarr, Elizabeth and Lai, Chi-Yu and Dean, Brian},
	year = {2014},
	month = {08},
	date = {2014-08},
	journal = {Clinical Psychopharmacology and Neuroscience: The Official Scientific Journal of the Korean College of Neuropsychopharmacology},
	pages = {94--110},
	volume = {12},
	number = {2},
	doi = {10.9758/cpn.2014.12.2.94},
	note = {PMID: 25191500
PMCID: PMC4153869},
	langid = {eng}
}

@article{kumar2018,
	title = {Lumateperone: a new treatment approach for neuropsychiatric disorders},
	author = {Kumar, B. and Kuhad, A. and Kuhad, A.},
	year = {2018},
	month = {12},
	date = {2018-12},
	journal = {Drugs of Today (Barcelona, Spain: 1998)},
	pages = {713--719},
	volume = {54},
	number = {12},
	doi = {10.1358/dot.2018.54.12.2899443},
	note = {PMID: 30596390},
	langid = {eng}
}

@book{neurotra2000,
	title = {Neurotransmitter Receptors in Actions of Antipsychotic Medications},
	editor = {Lidow, Michael S.},
	year = {2000},
	month = {06},
	date = {2000-06-22},
	publisher = {CRC Press},
	edition = {1st edition},
	address = {Boca Raton},
	langid = {English}
}

@book{schatzberg2017,
	title = {The American Psychiatric Association Publishing Textbook of Psychopharmacology},
	author = {Schatzberg, Alan F. and Nemeroff, Charles B.},
	year = {2017},
	month = {05},
	date = {2017-05-10},
	publisher = {American Psychiatric Pub},
	note = {Google-Books-ID: v9wnDwAAQBAJ},
	langid = {en}
}

@article{hauser2018,
	title = {Pharmacogenomics of GPCR Drug Targets},
	author = {Hauser, Alexander S. and Chavali, Sreenivas and Masuho, Ikuo and Jahn, Leonie J. and Martemyanov, Kirill A. and Gloriam, David E. and Babu, M. Madan},
	year = {2018},
	month = {01},
	date = {2018-01-11},
	journal = {Cell},
	pages = {41--54.e19},
	volume = {172},
	number = {1-2},
	doi = {10.1016/j.cell.2017.11.033},
	note = {PMID: 29249361
PMCID: PMC5766829},
	langid = {eng}
}

@article{pierce2002,
	title = {Seven-transmembrane receptors},
	author = {Pierce, Kristen L. and Premont, Richard T. and Lefkowitz, Robert J.},
	year = {2002},
	month = {09},
	date = {2002-09},
	journal = {Nature Reviews Molecular Cell Biology},
	pages = {639--650},
	volume = {3},
	number = {9},
	doi = {10.1038/nrm908},
	url = {http://www.nature.com/articles/nrm908},
	langid = {en}
}

@article{li2002,
	title = {The Molecule Pages database},
	author = {Li, Joshua and Ning, Yuhong and Hedley, Warren and Saunders, Brian and Chen, Yongsheng and Tindill, Nicole and Hannay, Timo and Subramaniam, Shankar},
	year = {2002},
	month = {12},
	date = {2002-12-12},
	journal = {Nature},
	pages = {716--717},
	volume = {420},
	number = {6916},
	doi = {10.1038/nature01307},
	note = {PMID: 12478304},
	langid = {eng}
}

@article{takemotokimura2017,
	title = {Calmodulin kinases: essential regulators in health and disease},
	author = {Takemoto-Kimura, Sayaka and Suzuki, Kanzo and Horigane, Shin-ichiro and Kamijo, Satoshi and Inoue, Masatoshi and Sakamoto, Masayuki and Fujii, Hajime and Bito, Haruhiko},
	year = {2017},
	month = {06},
	date = {2017-06},
	journal = {Journal of Neurochemistry},
	pages = {808--818},
	volume = {141},
	number = {6},
	doi = {10.1111/jnc.14020},
	url = {https://onlinelibrary.wiley.com/doi/10.1111/jnc.14020},
	langid = {en}
}

@article{ataei2015,
	title = {Calcium/Calmodulin-dependent Protein Kinase II is a Ubiquitous Molecule in Human Long-term Memory Synaptic Plasticity: A Systematic Review},
	author = {Ataei, Negar and Sabzghabaee, Ali Mohammad and Movahedian, Ahmad},
	year = {2015},
	date = {2015},
	journal = {International Journal of Preventive Medicine},
	pages = {88},
	volume = {6},
	doi = {10.4103/2008-7802.164831},
	note = {PMID: 26445635
PMCID: PMC4587077},
	langid = {eng}
}

@inbook{kennedy2012,
	title = {Disruption of Cell Cycle Machinery in Pancreatic Cancer},
	author = {Kennedy, Steven and Berrett, Hannah and J., Robert},
	year = {2012},
	month = {03},
	date = {2012-03-23},
	publisher = {InTech},
	doi = {10.5772/28660},
	url = {http://dx.doi.org/10.5772/28660}
}

@article{phin2013,
	title = {Genomic Rearrangements of PTEN in Prostate Cancer},
	author = {Phin, Sopheap and Moore, Mathew W. and Cotter, Philip D.},
	year = {2013},
	date = {2013},
	journal = {Frontiers in Oncology},
	volume = {3},
	doi = {10.3389/fonc.2013.00240},
	url = {http://journal.frontiersin.org/article/10.3389/fonc.2013.00240/abstract}
}

@article{seifert2020,
	title = {A simple mechanistic terminology of psychoactive drugs: a proposal},
	author = {Seifert, Roland and Schirmer, Bastian},
	year = {2020},
	month = {08},
	date = {2020-08},
	journal = {Naunyn-Schmiedeberg's Archives of Pharmacology},
	pages = {1331--1339},
	volume = {393},
	number = {8},
	doi = {10.1007/s00210-020-01918-x},
	note = {PMID: 32535698
PMCID: PMC7351828},
	langid = {eng}
}

@article{boules2013,
	title = {Diverse Roles of Neurotensin Agonists in the Central Nervous System},
	author = {Boules, Mona and Li, Zhimin and Smith, Kristin and Fredrickson, Paul and Richelson, Elliott},
	year = {2013},
	date = {2013},
	journal = {Frontiers in Endocrinology},
	volume = {4},
	doi = {10.3389/fendo.2013.00036},
	url = {http://journal.frontiersin.org/article/10.3389/fendo.2013.00036/abstract}
}

@article{turalba2004,
	title = {Antipsychotics regulate cyclic AMP-dependent protein kinase and phosphorylated cyclic AMP response element-binding protein in striatal and cortical brain regions in mice},
	author = {Turalba, Angela V. and Leite-Morris, Kimberly A. and Kaplan, Gary B.},
	year = {2004},
	month = {02},
	date = {2004-02-26},
	journal = {Neuroscience Letters},
	pages = {53--57},
	volume = {357},
	number = {1},
	doi = {10.1016/j.neulet.2003.11.059},
	note = {PMID: 15036612},
	langid = {eng}
}

@article{svenningsson2004,
	title = {DARPP-32: an integrator of neurotransmission},
	author = {Svenningsson, Per and Nishi, Akinori and Fisone, Gilberto and Girault, Jean-Antoine and Nairn, Angus C. and Greengard, Paul},
	year = {2004},
	date = {2004},
	journal = {Annual Review of Pharmacology and Toxicology},
	pages = {269--296},
	volume = {44},
	doi = {10.1146/annurev.pharmtox.44.101802.121415},
	note = {PMID: 14744247},
	langid = {eng}
}

@article{bateup2008,
	title = {Cell type-specific regulation of DARPP-32 phosphorylation by psychostimulant and antipsychotic drugs},
	author = {Bateup, Helen S. and Svenningsson, Per and Kuroiwa, Mahomi and Gong, Shiaoching and Nishi, Akinori and Heintz, Nathaniel and Greengard, Paul},
	year = {2008},
	month = {08},
	date = {2008-08},
	journal = {Nature Neuroscience},
	pages = {932--939},
	volume = {11},
	number = {8},
	doi = {10.1038/nn.2153},
	note = {PMID: 18622401
PMCID: PMC2737705},
	langid = {eng}
}

@article{lefkowitz2005,
	title = {Transduction of Receptor Signals by ß-Arrestins},
	author = {Lefkowitz, Robert J. and Shenoy, Sudha K.},
	year = {2005},
	month = {04},
	date = {2005-04-22},
	journal = {Science},
	pages = {512--517},
	volume = {308},
	number = {5721},
	doi = {10.1126/science.1109237},
	url = {https://www.science.org/doi/10.1126/science.1109237},
	langid = {en}
}

@article{urs2014,
	title = {Integrated approaches to understanding antipsychotic drug action at GPCRs},
	author = {Urs, Nikhil M. and Nicholls, Peter J. and Caron, Marc G.},
	year = {2014},
	month = {04},
	date = {2014-04},
	journal = {Current Opinion in Cell Biology},
	pages = {56--62},
	volume = {27},
	doi = {10.1016/j.ceb.2013.11.002},
	note = {PMID: 24680431
PMCID: PMC5702556},
	langid = {eng}
}

@article{yger2011,
	title = {DARPP-32, Jack of All Trades? Master of Which?},
	author = {Yger, Marion and Girault, Jean-Antoine},
	year = {2011},
	date = {2011},
	journal = {Frontiers in Behavioral Neuroscience},
	volume = {5},
	doi = {10.3389/fnbeh.2011.00056},
	url = {http://journal.frontiersin.org/article/10.3389/fnbeh.2011.00056/abstract}
}

@article{ivarwalaas1983,
	title = {A dopamine- and cyclic AMP-regulated phosphoprotein enriched in dopamine-innervated brain regions},
	author = {Ivar Walaas, S. and Aswad, Dana W. and Greengard, Paul},
	year = {1983},
	month = {01},
	date = {1983-01},
	journal = {Nature},
	pages = {69--71},
	volume = {301},
	number = {5895},
	doi = {10.1038/301069a0},
	url = {http://www.nature.com/articles/301069a0},
	langid = {en}
}

@article{moorhead2007,
	title = {Emerging roles of nuclear protein phosphatases},
	author = {Moorhead, Greg B. G. and Trinkle-Mulcahy, Laura and {Ulke-Lemée}, Annegret},
	year = {2007},
	month = {03},
	date = {2007-03},
	journal = {Nature Reviews. Molecular Cell Biology},
	pages = {234--244},
	volume = {8},
	number = {3},
	doi = {10.1038/nrm2126},
	note = {PMID: 17318227},
	langid = {eng}
}

@article{meinkoth1993,
	title = {Signal transduction through the cAMP-dependent protein kinase},
	author = {Meinkoth, J. L. and Alberts, A. S. and Went, W. and Fantozzi, D. and Taylor, S. S. and Hagiwara, M. and Montminy, M. and Feramisco, J. R.},
	year = {1993},
	month = {11},
	date = {1993-11},
	journal = {Molecular and Cellular Biochemistry},
	pages = {179--186},
	volume = {127-128},
	doi = {10.1007/BF01076769},
	note = {PMID: 7935349},
	langid = {eng}
}

@article{horiuchi2008,
	title = {Protein kinase A inhibits a consolidated form of memory in {\emph{Drosophila}}},
	author = {Horiuchi, Junjiro and Yamazaki, Daisuke and Naganos, Shintaro and Aigaki, Toshiro and Saitoe, Minoru},
	year = {2008},
	month = {12},
	date = {2008-12-30},
	journal = {Proceedings of the National Academy of Sciences},
	pages = {20976--20981},
	volume = {105},
	number = {52},
	doi = {10.1073/pnas.0810119105},
	url = {https://pnas.org/doi/full/10.1073/pnas.0810119105},
	langid = {en}
}

@article{ferguson1996,
	title = {Role of β-Arrestin in Mediating Agonist-Promoted G Protein-Coupled Receptor Internalization},
	author = {Ferguson, Stephen S. G. and Downey, William E. and Colapietro, Anne-Marie and Barak, Larry S. and {Ménard}, Luc and Caron, Marc G.},
	year = {1996},
	month = {01},
	date = {1996-01-19},
	journal = {Science},
	pages = {363--366},
	volume = {271},
	number = {5247},
	doi = {10.1126/science.271.5247.363},
	url = {https://www.science.org/doi/10.1126/science.271.5247.363},
	langid = {en}
}

@article{luttrell1999,
	title = {β-Arrestin-Dependent Formation of β {\textsubscript{2}} Adrenergic Receptor-Src Protein Kinase Complexes},
	author = {Luttrell, L. M. and Ferguson, S. S. G. and Daaka, Y. and Miller, W. E. and Maudsley, S. and Della Rocca, G. J. and Lin, F.-T. and Kawakatsu, H. and Owada, K. and Luttrell, D. K. and Caron, M. G. and Lefkowitz, R. J.},
	year = {1999},
	month = {01},
	date = {1999-01-29},
	journal = {Science},
	pages = {655--661},
	volume = {283},
	number = {5402},
	doi = {10.1126/science.283.5402.655},
	url = {https://www.science.org/doi/10.1126/science.283.5402.655},
	langid = {en}
}

@article{maudsley2015,
	title = {Delineation of a Conserved Arrestin-Biased Signaling Repertoire In Vivo},
	author = {Maudsley, Stuart and Martin, Bronwen and Gesty-Palmer, Diane and Cheung, Huey and Johnson, Calvin and Patel, Shamit and Becker, Kevin G. and Wood, William H. and Zhang, Yongqing and Lehrmann, Elin and Luttrell, Louis M.},
	year = {2015},
	month = {04},
	date = {2015-04},
	journal = {Molecular Pharmacology},
	pages = {706--717},
	volume = {87},
	number = {4},
	doi = {10.1124/mol.114.095224},
	url = {http://molpharm.aspetjournals.org/lookup/doi/10.1124/mol.114.095224},
	langid = {en}
}

@article{urban2007,
	title = {Functional selectivity and classical concepts of quantitative pharmacology},
	author = {Urban, Jonathan D. and Clarke, William P. and von Zastrow, Mark and Nichols, David E. and Kobilka, Brian and Weinstein, Harel and Javitch, Jonathan A. and Roth, Bryan L. and Christopoulos, Arthur and Sexton, Patrick M. and Miller, Keith J. and Spedding, Michael and Mailman, Richard B.},
	year = {2007},
	month = {01},
	date = {2007-01},
	journal = {The Journal of Pharmacology and Experimental Therapeutics},
	pages = {1--13},
	volume = {320},
	number = {1},
	doi = {10.1124/jpet.106.104463},
	note = {PMID: 16803859},
	langid = {eng}
}

@article{violin2007,
	title = {β-Arrestin-biased ligands at seven-transmembrane receptors},
	author = {Violin, Jonathan D. and Lefkowitz, Robert J.},
	year = {2007},
	month = {08},
	date = {2007-08},
	journal = {Trends in Pharmacological Sciences},
	pages = {416--422},
	volume = {28},
	number = {8},
	doi = {10.1016/j.tips.2007.06.006},
	url = {https://linkinghub.elsevier.com/retrieve/pii/S0165614707001514},
	langid = {en}
}

@article{allen2011,
	title = {Discovery of β-Arrestin{\textendash}Biased Dopamine D {\textsubscript{2}} Ligands for Probing Signal Transduction Pathways Essential for Antipsychotic Efficacy},
	author = {Allen, John A. and Yost, Julianne M. and Setola, Vincent and Chen, Xin and Sassano, Maria F. and Chen, Meng and Peterson, Sean and Yadav, Prem N. and Huang, Xi-ping and Feng, Bo and Jensen, Niels H. and Che, Xin and Bai, Xu and Frye, Stephen V. and Wetsel, William C. and Caron, Marc G. and Javitch, Jonathan A. and Roth, Bryan L. and Jin, Jian},
	year = {2011},
	month = {11},
	date = {2011-11-08},
	journal = {Proceedings of the National Academy of Sciences},
	pages = {18488--18493},
	volume = {108},
	number = {45},
	doi = {10.1073/pnas.1104807108},
	url = {https://pnas.org/doi/full/10.1073/pnas.1104807108},
	langid = {en}
}

@article{seyedabadi2019,
	title = {Biased signaling of G protein coupled receptors (GPCRs): Molecular determinants of GPCR/transducer selectivity and therapeutic potential},
	author = {Seyedabadi, Mohammad and Ghahremani, Mohammad Hossein and Albert, Paul R.},
	year = {2019},
	month = {08},
	date = {2019-08},
	journal = {Pharmacology & Therapeutics},
	pages = {148--178},
	volume = {200},
	doi = {10.1016/j.pharmthera.2019.05.006},
	note = {PMID: 31075355},
	langid = {eng}
}

@article{freyberg2010,
	title = {Roles of the Akt/GSK-3 and Wnt signaling pathways in schizophrenia and antipsychotic drug action},
	author = {Freyberg, Zachary and Ferrando, Stephen J. and Javitch, Jonathan A.},
	year = {2010},
	month = {04},
	date = {2010-04},
	journal = {The American Journal of Psychiatry},
	pages = {388--396},
	volume = {167},
	number = {4},
	doi = {10.1176/appi.ajp.2009.08121873},
	note = {PMID: 19917593
PMCID: PMC3245866},
	langid = {eng}
}

@article{thiselton2008,
	title = {AKT1 is associated with schizophrenia across multiple symptom dimensions in the Irish study of high density schizophrenia families},
	author = {Thiselton, Dawn L. and Vladimirov, Vladimir I. and Kuo, Po-Hsiu and McClay, Joseph and Wormley, Brandon and Fanous, Ayman and {O'Neill}, Francis A. and Walsh, Dermot and Van den Oord, Edwin J. C. G. and Kendler, Kenneth S. and Riley, Brien P.},
	year = {2008},
	month = {03},
	date = {2008-03-01},
	journal = {Biological Psychiatry},
	pages = {449--457},
	volume = {63},
	number = {5},
	doi = {10.1016/j.biopsych.2007.06.005},
	note = {PMID: 17825267
PMCID: PMC2441648},
	langid = {eng}
}

@article{emamian2004,
	title = {Convergent evidence for impaired AKT1-GSK3beta signaling in schizophrenia},
	author = {Emamian, Effat S. and Hall, Diana and Birnbaum, Morris J. and Karayiorgou, Maria and Gogos, Joseph A.},
	year = {2004},
	month = {02},
	date = {2004-02},
	journal = {Nature Genetics},
	pages = {131--137},
	volume = {36},
	number = {2},
	doi = {10.1038/ng1296},
	note = {PMID: 14745448},
	langid = {eng}
}

@article{beaulieu2011,
	title = {Beyond cAMP: the regulation of Akt and GSK3 by dopamine receptors},
	author = {Beaulieu, Jean-Martin},
	year = {2011},
	date = {2011},
	journal = {Frontiers in Molecular Neuroscience},
	volume = {4},
	doi = {10.3389/fnmol.2011.00038},
	url = {http://journal.frontiersin.org/article/10.3389/fnmol.2011.00038/abstract}
}

@article{freland2012,
	title = {Inhibition of GSK3 by lithium, from single molecules to signaling networks},
	author = {Freland, Laure and Beaulieu, Jean-Martin},
	year = {2012},
	month = {01},
	date = {2012-01-27},
	journal = {Frontiers in Molecular Neuroscience},
	pages = {14},
	volume = {5},
	doi = {10.3389/fnmol.2012.00014},
	note = {PMID: 22363263
PMCID: PMC3282483},
	langid = {eng}
}

@article{li2007,
	title = {Regulation of mouse brain glycogen synthase kinase-3 by atypical antipsychotics},
	author = {Li, Xiaohua and Rosborough, Kelley M. and Friedman, Ari B. and Zhu, Wawa and Roth, Kevin A.},
	year = {2007},
	month = {02},
	date = {2007-02},
	journal = {The International Journal of Neuropsychopharmacology},
	pages = {7--19},
	volume = {10},
	number = {1},
	doi = {10.1017/S1461145706006547},
	note = {PMID: 16672106},
	langid = {eng}
}

@article{beaulieu2005,
	title = {An Akt/beta-arrestin 2/PP2A signaling complex mediates dopaminergic neurotransmission and behavior},
	author = {Beaulieu, Jean-Martin and Sotnikova, Tatyana D. and Marion, {Sébastien} and Lefkowitz, Robert J. and Gainetdinov, Raul R. and Caron, Marc G.},
	year = {2005},
	month = {07},
	date = {2005-07-29},
	journal = {Cell},
	pages = {261--273},
	volume = {122},
	number = {2},
	doi = {10.1016/j.cell.2005.05.012},
	note = {PMID: 16051150},
	langid = {eng}
}

@article{klewe2008,
	title = {Recruitment of beta-arrestin2 to the dopamine D2 receptor: insights into anti-psychotic and anti-parkinsonian drug receptor signaling},
	author = {Klewe, Ib V. and Nielsen, {Søren M.} and {Tarpø}, Louise and Urizar, Eneko and Dipace, Concetta and Javitch, Jonathan A. and Gether, Ulrik and Egebjerg, Jan and Christensen, Kenneth V.},
	year = {2008},
	month = {06},
	date = {2008-06},
	journal = {Neuropharmacology},
	pages = {1215--1222},
	volume = {54},
	number = {8},
	doi = {10.1016/j.neuropharm.2008.03.015},
	note = {PMID: 18455202
PMCID: PMC3610416},
	langid = {eng}
}

@article{ryskalin2018,
	title = {mTOR-Related Brain Dysfunctions in Neuropsychiatric Disorders},
	author = {Ryskalin, Larisa and Limanaqi, Fiona and Frati, Alessandro and Busceti, Carla L. and Fornai, Francesco},
	year = {2018},
	month = {07},
	date = {2018-07-30},
	journal = {International Journal of Molecular Sciences},
	pages = {E2226},
	volume = {19},
	number = {8},
	doi = {10.3390/ijms19082226},
	note = {PMID: 30061532
PMCID: PMC6121884},
	langid = {eng}
}

@article{calabrese2016,
	title = {Synaptic alterations associated with depression and schizophrenia: potential as a therapeutic target},
	author = {Calabrese, Francesca and Riva, Marco A. and Molteni, Raffaella},
	year = {2016},
	month = {10},
	date = {2016-10-02},
	journal = {Expert Opinion on Therapeutic Targets},
	pages = {1195--1207},
	volume = {20},
	number = {10},
	doi = {10.1080/14728222.2016.1188080},
	url = {https://www.tandfonline.com/doi/full/10.1080/14728222.2016.1188080},
	langid = {en}
}

@article{gururajan2014,
	title = {Is the mTOR-signalling cascade disrupted in Schizophrenia?},
	author = {Gururajan, Anand and van den Buuse, Maarten},
	year = {2014},
	month = {05},
	date = {2014-05},
	journal = {Journal of Neurochemistry},
	pages = {377--387},
	volume = {129},
	number = {3},
	doi = {10.1111/jnc.12622},
	url = {https://onlinelibrary.wiley.com/doi/10.1111/jnc.12622},
	langid = {en}
}

@article{howell2020,
	title = {Neurodevelopmental concepts of schizophrenia in the genome-wide association era: AKT/mTOR signaling as a pathological mediator of genetic and environmental programming during development},
	author = {Howell, Kristy R. and Law, Amanda J.},
	year = {2020},
	month = {03},
	date = {2020-03},
	journal = {Schizophrenia Research},
	pages = {95--104},
	volume = {217},
	doi = {10.1016/j.schres.2019.08.036},
	note = {PMID: 31522868
PMCID: PMC7065975},
	langid = {eng}
}

@article{wang2018,
	title = {Dopamine Receptor Subtypes Differentially Regulate Autophagy},
	author = {Wang, Dongmei and Ji, Xinmiao and Liu, Juanjuan and Li, Zhiyuan and Zhang, Xin},
	year = {2018},
	month = {05},
	date = {2018-05-22},
	journal = {International Journal of Molecular Sciences},
	pages = {E1540},
	volume = {19},
	number = {5},
	doi = {10.3390/ijms19051540},
	note = {PMID: 29786666
PMCID: PMC5983733},
	langid = {eng}
}

@article{foster2010,
	title = {Regulation of G1 Cell Cycle Progression: Distinguishing the Restriction Point from a Nutrient-Sensing Cell Growth Checkpoint(s)},
	author = {Foster, David A. and Yellen, Paige and Xu, Limei and Saqcena, Mahesh},
	year = {2010},
	month = {11},
	date = {2010-11},
	journal = {Genes & Cancer},
	pages = {1124--1131},
	volume = {1},
	number = {11},
	doi = {10.1177/1947601910392989},
	note = {PMID: 21779436
PMCID: PMC3092273},
	langid = {eng}
}

@article{panaccione2013,
	title = {Neurodevelopment in schizophrenia: the role of the wnt pathways},
	author = {Panaccione, Isabella and Napoletano, Flavia and Forte, Alberto Maria and Kotzalidis, Giorgio D. and Del Casale, Antonio and Rapinesi, Chiara and Brugnoli, Chiara and Serata, Daniele and Caccia, Federica and Cuomo, Ilaria and Ambrosi, Elisa and Simonetti, Alessio and Savoja, Valeria and De Chiara, Lavinia and Danese, Emanuela and Manfredi, Giovanni and Janiri, Delfina and Motolese, Marta and Nicoletti, Ferdinando and Girardi, Paolo and Sani, Gabriele},
	year = {2013},
	month = {09},
	date = {2013-09},
	journal = {Current Neuropharmacology},
	pages = {535--558},
	volume = {11},
	number = {5},
	doi = {10.2174/1570159X113119990037},
	note = {PMID: 24403877
PMCID: PMC3763761},
	langid = {eng}
}

@article{stefansson2009,
	title = {Common variants conferring risk of schizophrenia},
	author = {Stefansson, Hreinn and Ophoff, Roel A. and Steinberg, Stacy and Andreassen, Ole A. and Cichon, Sven and Rujescu, Dan and Werge, Thomas and {Pietiläinen}, Olli P. H. and Mors, Ole and Mortensen, Preben B. and Sigurdsson, Engilbert and Gustafsson, Omar and Nyegaard, Mette and Tuulio-Henriksson, Annamari and Ingason, Andres and Hansen, Thomas and Suvisaari, Jaana and Lonnqvist, Jouko and Paunio, Tiina and {Børglum}, Anders D. and Hartmann, Annette and Fink-Jensen, Anders and Nordentoft, Merete and Hougaard, David and Norgaard-Pedersen, Bent and {Böttcher}, Yvonne and Olesen, Jes and Breuer, {René} and {Möller}, {Hans-Jürgen} and Giegling, Ina and Rasmussen, Henrik B. and Timm, Sally and Mattheisen, Manuel and Bitter, {István} and {Réthelyi}, {János M.} and Magnusdottir, Brynja B. and Sigmundsson, Thordur and Olason, Pall and Masson, Gisli and Gulcher, Jeffrey R. and Haraldsson, Magnus and Fossdal, Ragnheidur and Thorgeirsson, Thorgeir E. and Thorsteinsdottir, Unnur and Ruggeri, Mirella and Tosato, Sarah and Franke, Barbara and Strengman, Eric and Kiemeney, Lambertus A. and {Genetic Risk and Outcome in Psychosis (GROUP)},  and Melle, Ingrid and Djurovic, Srdjan and Abramova, Lilia and Kaleda, Vasily and Sanjuan, Julio and de Frutos, Rosa and Bramon, Elvira and Vassos, Evangelos and Fraser, Gillian and Ettinger, Ulrich and Picchioni, Marco and Walker, Nicholas and Toulopoulou, Timi and Need, Anna C. and Ge, Dongliang and Yoon, Joeng Lim and Shianna, Kevin V. and Freimer, Nelson B. and Cantor, Rita M. and Murray, Robin and Kong, Augustine and Golimbet, Vera and Carracedo, Angel and Arango, Celso and Costas, Javier and {Jönsson}, Erik G. and Terenius, Lars and Agartz, Ingrid and Petursson, Hannes and {Nöthen}, Markus M. and Rietschel, Marcella and Matthews, Paul M. and Muglia, Pierandrea and Peltonen, Leena and St Clair, David and Goldstein, David B. and Stefansson, Kari and Collier, David A.},
	year = {2009},
	month = {08},
	date = {2009-08-06},
	journal = {Nature},
	pages = {744--747},
	volume = {460},
	number = {7256},
	doi = {10.1038/nature08186},
	note = {PMID: 19571808
PMCID: PMC3077530},
	langid = {eng}
}

@article{al-dujaili2021,
	title = {High Mobility Group Protein 1 and Dickkopf-Related Protein 1 in Schizophrenia and Treatment-Resistant Schizophrenia: Associations With Interleukin-6, Symptom Domains, and Neurocognitive Impairments},
	author = {Al-Dujaili, Arafat Hussein and Mousa, Rana Fadhil and Al-Hakeim, Hussein Kadhem and Maes, Michael},
	year = {2021},
	month = {03},
	date = {2021-03-16},
	journal = {Schizophrenia Bulletin},
	pages = {530--541},
	volume = {47},
	number = {2},
	doi = {10.1093/schbul/sbaa136},
	note = {PMID: 32971537
PMCID: PMC7965081},
	langid = {eng}
}

@article{aleksic2010,
	title = {Genetic association study of KREMEN1 and DKK1 and schizophrenia in a Japanese population},
	author = {Aleksic, Branko and Kushima, Itaru and Ito, Yoshihito and Nakamura, Yukako and Ujike, Hiroshi and Suzuki, Michio and Inada, Toshiya and Hashimoto, Ryota and Takeda, Masatoshi and Iwata, Nakao and Ozaki, Norio},
	year = {2010},
	month = {05},
	date = {2010-05},
	journal = {Schizophrenia Research},
	pages = {113--117},
	volume = {118},
	number = {1-3},
	doi = {10.1016/j.schres.2010.01.014},
	note = {PMID: 20153141},
	langid = {eng}
}

@article{mao2009,
	title = {Disrupted in schizophrenia 1 regulates neuronal progenitor proliferation via modulation of GSK3beta/beta-catenin signaling},
	author = {Mao, Yingwei and Ge, Xuecai and Frank, Christopher L. and Madison, Jon M. and Koehler, Angela N. and Doud, Mary Kathryn and Tassa, Carlos and Berry, Erin M. and Soda, Takahiro and Singh, Karun K. and Biechele, Travis and Petryshen, Tracey L. and Moon, Randall T. and Haggarty, Stephen J. and Tsai, Li-Huei},
	year = {2009},
	month = {03},
	date = {2009-03-20},
	journal = {Cell},
	pages = {1017--1031},
	volume = {136},
	number = {6},
	doi = {10.1016/j.cell.2008.12.044},
	note = {PMID: 19303846
PMCID: PMC2704382},
	langid = {eng}
}

@article{bem2019,
	title = {Wnt/β{-}catenin signaling in brain development and mental disorders: keeping TCF7L2 in mind},
	author = {Bem, Joanna and {Bro{\.{z}}ko}, Nikola and Chakraborty, Chaitali and Lipiec, Marcin A. and {Kozi{\'{n}}ski}, Kamil and Nagalski, Andrzej and Szewczyk, {{\L}ukasz M.} and {Wi{\'{s}}niewska}, Marta B.},
	year = {2019},
	month = {07},
	date = {2019-07},
	journal = {FEBS Letters},
	pages = {1654--1674},
	volume = {593},
	number = {13},
	doi = {10.1002/1873-3468.13502},
	url = {https://onlinelibrary.wiley.com/doi/10.1002/1873-3468.13502},
	langid = {en}
}

@article{kang2004,
	title = {The effects of clozapine on the GSK-3-mediated signaling pathway},
	author = {Kang, Ung Gu and Seo, Myoung Suk and Roh, Myoung-Sun and Kim, Yeni and Yoon, Se Chang and Kim, Yong Sik},
	year = {2004},
	month = {02},
	date = {2004-02-27},
	journal = {FEBS letters},
	pages = {115--119},
	volume = {560},
	number = {1-3},
	doi = {10.1016/S0014-5793(04)00082-1},
	note = {PMID: 14988008},
	langid = {eng}
}

@article{alimohamad2005,
	title = {The effects of antipsychotics on beta-catenin, glycogen synthase kinase-3 and dishevelled in the ventral midbrain of rats},
	author = {Alimohamad, H. and Sutton, L. and Mouyal, J. and Rajakumar, N. and Rushlow, W. J.},
	year = {2005},
	month = {10},
	date = {2005-10},
	journal = {Journal of Neurochemistry},
	pages = {513--525},
	volume = {95},
	number = {2},
	doi = {10.1111/j.1471-4159.2005.03388.x},
	note = {PMID: 16144542},
	langid = {eng}
}

@article{sutton2007,
	title = {Activation of the canonical Wnt pathway by the antipsychotics haloperidol and clozapine involves dishevelled-3},
	author = {Sutton, Laurie P. and Honardoust, Dariush and Mouyal, Joanne and Rajakumar, Nagalingam and Rushlow, Walter J.},
	year = {2007},
	month = {07},
	date = {2007-07},
	journal = {Journal of Neurochemistry},
	pages = {153--169},
	volume = {102},
	number = {1},
	doi = {10.1111/j.1471-4159.2007.04527.x},
	note = {PMID: 17472703},
	langid = {eng}
}

@article{fukumoto2001,
	title = {Akt Participation in the Wnt Signaling Pathway through Dishevelled},
	author = {Fukumoto, Shinya and Hsieh, Chung-Ming and Maemura, Koji and Layne, Matthew D. and Yet, Shaw-Fang and Lee, Kyung-Han and Matsui, Takashi and Rosenzweig, Anthony and Taylor, William G. and Rubin, Jeffrey S. and Perrella, Mark A. and Lee, Mu-En},
	year = {2001},
	month = {05},
	date = {2001-05},
	journal = {Journal of Biological Chemistry},
	pages = {17479--17483},
	volume = {276},
	number = {20},
	doi = {10.1074/jbc.C000880200},
	url = {https://linkinghub.elsevier.com/retrieve/pii/S0021925819319398},
	langid = {en}
}

@article{park2011,
	title = {Effects of antipsychotic drugs on BDNF, GSK-3β, and β-catenin expression in rats subjected to immobilization stress},
	author = {Park, Sung Woo and Phuong, Vu Thi and Lee, Chan Hong and Lee, Jung Goo and Seo, Mi Kyoung and Cho, Hye Yeon and Fang, Zheng Huan and Lee, Bong Ju and Kim, Young Hoon},
	year = {2011},
	month = {12},
	date = {2011-12},
	journal = {Neuroscience Research},
	pages = {335--340},
	volume = {71},
	number = {4},
	doi = {10.1016/j.neures.2011.08.010},
	url = {https://linkinghub.elsevier.com/retrieve/pii/S0168010211020633},
	langid = {en}
}

@article{okerlund2011,
	title = {Synaptic Wnt signaling{\textemdash}a contributor to major psychiatric disorders?},
	author = {Okerlund, Nathan D. and Cheyette, Benjamin N. R.},
	year = {2011},
	month = {06},
	date = {2011-06},
	journal = {Journal of Neurodevelopmental Disorders},
	pages = {162--174},
	volume = {3},
	number = {2},
	doi = {10.1007/s11689-011-9083-6},
	url = {https://jneurodevdisorders.biomedcentral.com/articles/10.1007/s11689-011-9083-6},
	langid = {en}
}

@article{bae2018,
	title = {The Wnt Signaling Pathway and Related Therapeutic Drugs in Autism Spectrum Disorder},
	author = {Bae, Seung Min and Hong, Ji Yeon},
	year = {2018},
	month = {05},
	date = {2018-05-31},
	journal = {Clinical Psychopharmacology and Neuroscience},
	pages = {129--135},
	volume = {16},
	number = {2},
	doi = {10.9758/cpn.2018.16.2.129},
	url = {http://www.cpn.or.kr/journal/view.html?doi=10.9758/cpn.2018.16.2.129},
	langid = {en}
}

@article{hodgson2010,
	title = {Cancer and schizophrenia: is there a paradox?},
	author = {Hodgson, Richard and Wildgust, Hiram J. and Bushe, Chris J.},
	year = {2010},
	month = {11},
	date = {2010-11},
	journal = {Journal of Psychopharmacology (Oxford, England)},
	pages = {51--60},
	volume = {24},
	number = {4 Suppl},
	doi = {10.1177/1359786810385489},
	note = {PMID: 20923920
PMCID: PMC2951592},
	langid = {eng}
}

@article{mortensen1989,
	title = {The incidence of cancer in schizophrenic patients},
	author = {Mortensen, P. B.},
	year = {1989},
	month = {03},
	date = {1989-03},
	journal = {Journal of Epidemiology and Community Health},
	pages = {43--47},
	volume = {43},
	number = {1},
	doi = {10.1136/jech.43.1.43},
	note = {PMID: 2592890
PMCID: PMC1052789},
	langid = {eng}
}

@article{nordentoft2021,
	title = {Cancer and schizophrenia},
	author = {Nordentoft, Merete and Plana-Ripoll, Oleguer and Laursen, Thomas Munk},
	year = {2021},
	month = {05},
	date = {2021-05-01},
	journal = {Current Opinion in Psychiatry},
	pages = {260--265},
	volume = {34},
	number = {3},
	doi = {10.1097/YCO.0000000000000697},
	note = {PMID: 33560020},
	langid = {eng}
}

@article{gal2012,
	title = {Cancer in parents of persons with schizophrenia: is there a genetic protection?},
	author = {Gal, Gilad and Goral, Aviva and Murad, Havi and Gross, Raz and Pugachova, Inna and Barchana, Micha and Kohn, Robert and Levav, Itzhak},
	year = {2012},
	month = {08},
	date = {2012-08},
	journal = {Schizophrenia Research},
	pages = {189--193},
	volume = {139},
	number = {1-3},
	doi = {10.1016/j.schres.2012.04.018},
	note = {PMID: 22622179},
	langid = {eng}
}

@article{ibáñez2014,
	title = {Molecular evidence for the inverse comorbidity between central nervous system disorders and cancers detected by transcriptomic meta-analyses},
	author = {{Ibáñez}, Kristina and Boullosa, {César} and {Tabarés-Seisdedos}, Rafael and Baudot, {Anaïs} and Valencia, Alfonso},
	year = {2014},
	month = {02},
	date = {2014-02},
	journal = {PLoS genetics},
	pages = {e1004173},
	volume = {10},
	number = {2},
	doi = {10.1371/journal.pgen.1004173},
	note = {PMID: 24586201
PMCID: PMC3930576},
	langid = {eng}
}

@article{fond2012,
	title = {Antipsychotic drugs: Pro-cancer or anti-cancer? A systematic review},
	author = {Fond, G. and Macgregor, A. and Attal, J. and Larue, A. and Brittner, M. and Ducasse, D. and Capdevielle, D.},
	year = {2012},
	month = {07},
	date = {2012-07},
	journal = {Medical Hypotheses},
	pages = {38--42},
	volume = {79},
	number = {1},
	doi = {10.1016/j.mehy.2012.03.026},
	url = {https://linkinghub.elsevier.com/retrieve/pii/S0306987712001454},
	langid = {en}
}

@article{burgess2012,
	title = {Antipsychotic to anticancer agent?},
	author = {Burgess, Darren J.},
	year = {2012},
	month = {07},
	date = {2012-07},
	journal = {Nature Reviews Drug Discovery},
	pages = {517--517},
	volume = {11},
	number = {7},
	doi = {10.1038/nrd3783},
	url = {http://www.nature.com/articles/nrd3783},
	langid = {en}
}

@article{avendañofélix2020,
	title = {Refocusing the Use of Psychiatric Drugs for Treatment of Gastrointestinal Cancers},
	author = {{Avendaño-Félix}, Mariana and Aguilar-Medina, Maribel and Bermudez, Mercedes and {Lizárraga-Verdugo}, Erik and {López-Camarillo}, {César} and {Ramos-Payán}, {Rosalío}},
	year = {2020},
	date = {2020},
	journal = {Frontiers in Oncology},
	pages = {1452},
	volume = {10},
	doi = {10.3389/fonc.2020.01452},
	note = {PMID: 32923398
PMCID: PMC7456997},
	langid = {eng}
}

@article{forrest2018,
	title = {Dendritic structural plasticity and neuropsychiatric disease},
	author = {Forrest, Marc P. and Parnell, Euan and Penzes, Peter},
	year = {2018},
	month = {04},
	date = {2018-04},
	journal = {Nature Reviews Neuroscience},
	pages = {215--234},
	volume = {19},
	number = {4},
	doi = {10.1038/nrn.2018.16},
	url = {http://www.nature.com/articles/nrn.2018.16},
	langid = {en}
}

@article{zhuo2019,
	title = {Double-Edged Sword of Tumour Suppressor Genes in Schizophrenia},
	author = {Zhuo, Chuanjun and Wang, Dawei and Zhou, Chunhua and Chen, Ce and Li, Jie and Tian, Hongjun and Li, Shen and Ji, Feng and Liu, Chuanxin and Chen, Min and Zhang, Li},
	year = {2019},
	month = {02},
	date = {2019-02-12},
	journal = {Frontiers in Molecular Neuroscience},
	pages = {1},
	volume = {12},
	doi = {10.3389/fnmol.2019.00001},
	url = {https://www.frontiersin.org/article/10.3389/fnmol.2019.00001/full}
}

@article{fernándezmedarde2021,
	title = {40 Years of RAS-A Historic Overview},
	author = {{Fernández-Medarde}, Alberto and De Las Rivas, Javier and Santos, Eugenio},
	year = {2021},
	month = {05},
	date = {2021-05-01},
	journal = {Genes},
	pages = {681},
	volume = {12},
	number = {5},
	doi = {10.3390/genes12050681},
	note = {PMID: 34062774
PMCID: PMC8147265},
	langid = {eng}
}

@article{aubrey2018,
	title = {How does p53 induce apoptosis and how does this relate to p53-mediated tumour suppression?},
	author = {Aubrey, Brandon J and Kelly, Gemma L and Janic, Ana and Herold, Marco J and Strasser, Andreas},
	year = {2018},
	month = {01},
	date = {2018-01},
	journal = {Cell Death & Differentiation},
	pages = {104--113},
	volume = {25},
	number = {1},
	doi = {10.1038/cdd.2017.169},
	url = {http://www.nature.com/articles/cdd2017169},
	langid = {en}
}

@article{pennycook2020,
	title = {Restriction point regulation at the crossroads between quiescence and cell proliferation},
	author = {Pennycook, Betheney R. and Barr, Alexis R.},
	year = {2020},
	month = {07},
	date = {2020-07},
	journal = {FEBS Letters},
	pages = {2046--2060},
	volume = {594},
	number = {13},
	doi = {10.1002/1873-3468.13867},
	url = {https://onlinelibrary.wiley.com/doi/10.1002/1873-3468.13867},
	langid = {en}
}

@article{kang1994,
	title = {Activation and tyrosine phosphorylation of 44-kDa mitogen-activated protein kinase (MAPK) induced by electroconvulsive shock in rat hippocampus},
	author = {Kang, U. G. and Hong, K. S. and Jung, H. Y. and Kim, Y. S. and Seong, Y. S. and Yang, Y. C. and Park, J. B.},
	year = {1994},
	month = {11},
	date = {1994-11},
	journal = {Journal of Neurochemistry},
	pages = {1979--1982},
	volume = {63},
	number = {5},
	doi = {10.1046/j.1471-4159.1994.63051979.x},
	note = {PMID: 7931356},
	langid = {eng}
}

@article{browning2005,
	title = {Clozapine and the mitogen-activated protein kinase signal transduction pathway: Implications for antipsychotic actions},
	author = {Browning, Jeff L. and Patel, Tushar and Brandt, Paul C. and Young, Keith A. and Holcomb, Leigh A. and Hicks, Paul B.},
	year = {2005},
	month = {03},
	date = {2005-03},
	journal = {Biological Psychiatry},
	pages = {617--623},
	volume = {57},
	number = {6},
	doi = {10.1016/j.biopsych.2004.12.002},
	url = {https://linkinghub.elsevier.com/retrieve/pii/S0006322304012843},
	langid = {en}
}

@article{pereira2012,
	title = {Clozapine induction of ERK1/2 cell signalling via the EGF receptor in mouse prefrontal cortex and striatum is distinct from other antipsychotic drugs},
	author = {Pereira, Avril and Sugiharto-Winarno, Anthony and Zhang, Betty and Malcolm, Peter and Fink, George and Sundram, Suresh},
	year = {2012},
	month = {09},
	date = {2012-09},
	journal = {The International Journal of Neuropsychopharmacology},
	pages = {1149--1160},
	volume = {15},
	number = {08},
	doi = {10.1017/S1461145711001404},
	url = {https://academic.oup.com/ijnp/article-lookup/doi/10.1017/S1461145711001404},
	langid = {en}
}

@article{kim2008,
	title = {Haloperidol regulates the phosphorylation level of the MEK-ERK-p90RSK signal pathway via protein phosphatase 2A in the rat frontal cortex},
	author = {Kim, Se Hyun and Seo, Myoung Suk and Jeon, Won Je and Yu, Hyun-Sook and Park, Hong Geun and Jung, Gyung-Ah and Lee, Hee Young and Kang, Ung Gu and Kim, Yong Sik},
	year = {2008},
	month = {06},
	date = {2008-06},
	journal = {The International Journal of Neuropsychopharmacology},
	pages = {509--517},
	volume = {11},
	number = {4},
	doi = {10.1017/S1461145707008292},
	note = {PMID: 18272021},
	langid = {eng}
}

@article{ahmed2008,
	title = {Haloperidol and clozapine differentially affect the expression of arrestins, receptor kinases, and extracellular signal-regulated kinase activation},
	author = {Ahmed, Mohamed Rafiuddin and Gurevich, Vsevolod V. and Dalby, Kevin N. and Benovic, Jeffrey L. and Gurevich, Eugenia V.},
	year = {2008},
	month = {04},
	date = {2008-04},
	journal = {The Journal of Pharmacology and Experimental Therapeutics},
	pages = {276--283},
	volume = {325},
	number = {1},
	doi = {10.1124/jpet.107.131987},
	note = {PMID: 18178904
PMCID: PMC2629350},
	langid = {eng}
}

@article{pozzi2003,
	title = {Opposite regulation by typical and atypical anti-psychotics of ERK1/2, CREB and Elk-1 phosphorylation in mouse dorsal striatum},
	author = {Pozzi, Laura and {Håkansson}, Kerstin and Usiello, Alessandro and Borgkvist, Anders and Lindskog, Maria and Greengard, Paul and Fisone, Gilberto},
	year = {2003},
	month = {07},
	date = {2003-07},
	journal = {Journal of Neurochemistry},
	pages = {451--459},
	volume = {86},
	number = {2},
	doi = {10.1046/j.1471-4159.2003.01851.x},
	note = {PMID: 12871586},
	langid = {eng}
}

@article{molteni2009,
	title = {Antipsychotic drug actions on gene modulation and signaling mechanisms},
	author = {Molteni, Raffaella and Calabrese, Francesca and Racagni, Giorgio and Fumagalli, Fabio and Riva, Marco Andrea},
	year = {2009},
	month = {10},
	date = {2009-10},
	journal = {Pharmacology & Therapeutics},
	pages = {74--85},
	volume = {124},
	number = {1},
	doi = {10.1016/j.pharmthera.2009.06.001},
	note = {PMID: 19540875},
	langid = {eng}
}

@article{eisch2008,
	title = {Adult neurogenesis, mental health, and mental illness: hope or hype?},
	author = {Eisch, Amelia J. and Cameron, Heather A. and Encinas, Juan M. and Meltzer, Leslie A. and Ming, Guo-Li and Overstreet-Wadiche, Linda S.},
	year = {2008},
	month = {11},
	date = {2008-11-12},
	journal = {The Journal of Neuroscience: The Official Journal of the Society for Neuroscience},
	pages = {11785--11791},
	volume = {28},
	number = {46},
	doi = {10.1523/JNEUROSCI.3798-08.2008},
	note = {PMID: 19005040
PMCID: PMC2793333},
	langid = {eng}
}

@article{luo2005,
	title = {Quetiapine reverses the suppression of hippocampal neurogenesis caused by repeated restraint stress},
	author = {Luo, Can and Xu, Haiyun and Li, Xin-Min},
	year = {2005},
	month = {11},
	date = {2005-11-23},
	journal = {Brain Research},
	pages = {32--39},
	volume = {1063},
	number = {1},
	doi = {10.1016/j.brainres.2005.09.043},
	note = {PMID: 16271709},
	langid = {eng}
}
