
@article{rang2006,
	title = {The receptor concept: pharmacology's big idea: The receptor concept},
	author = {Rang, H P},
	year = {2006},
	month = {01},
	date = {2006-01},
	journal = {British Journal of Pharmacology},
	pages = {S9--S16},
	volume = {147},
	number = {S1},
	doi = {10.1038/sj.bjp.0706457},
	url = {http://doi.wiley.com/10.1038/sj.bjp.0706457},
	langid = {en}
}

@article{morrison2018,
	title = {The antipsychotic landscape: dopamine and beyond},
	author = {Morrison, Paul D. and Murray, Robin M.},
	year = {2018},
	month = {04},
	date = {2018-04},
	journal = {Therapeutic Advances in Psychopharmacology},
	pages = {127--135},
	volume = {8},
	number = {4},
	doi = {10.1177/2045125317752915},
	note = {PMID: 29607005
PMCID: PMC5846922},
	langid = {eng}
}

@book{systems2010,
	title = {Systems Biology in Psychiatric Research: From High-Throughput Data to Mathematical Modeling},
	editor = {Tretter, Felix and Winterer, Georg and Gebicke-Haerter, Peter J. and Mendoza, Eduardo R.},
	year = {2010},
	month = {06},
	date = {2010-06-08},
	publisher = {Wiley-Blackwell},
	edition = {1st edition},
	address = {Weinheim},
	langid = {English}
}

@article{berg2018,
	title = {Making Sense of Pharmacology: Inverse Agonism and Functional Selectivity},
	author = {Berg, Kelly A and Clarke, William P},
	year = {2018},
	month = {10},
	date = {2018-10-01},
	journal = {International Journal of Neuropsychopharmacology},
	pages = {962--977},
	volume = {21},
	number = {10},
	doi = {10.1093/ijnp/pyy071},
	url = {https://academic.oup.com/ijnp/article/21/10/962/5066769},
	langid = {en}
}

@article{strange1999,
	title = {Agonism and inverse agonism at dopamine D2-like receptors},
	author = {Strange, P. G.},
	year = {1999},
	month = {04},
	date = {1999-04},
	journal = {Clinical and Experimental Pharmacology & Physiology. Supplement},
	pages = {S3--9},
	volume = {26},
	note = {PMID: 10386247},
	langid = {eng}
}

@article{pliska1999,
	title = {Partial agonism: mechanisms based on ligand-receptor interactions and on stimulus-response coupling},
	author = {Pliska, V.},
	year = {1999},
	month = {07},
	date = {1999-07},
	journal = {Journal of Receptor and Signal Transduction Research},
	pages = {597--629},
	volume = {19},
	number = {1-4},
	doi = {10.3109/10799899909036675},
	note = {PMID: 10071788},
	langid = {eng}
}

@article{lu2019,
	title = {Allosteric Modulator Discovery: From Serendipity to Structure-Based Design},
	author = {Lu, Shaoyong and He, Xinheng and Ni, Duan and Zhang, Jian},
	year = {2019},
	month = {07},
	date = {2019-07-25},
	journal = {Journal of Medicinal Chemistry},
	pages = {6405--6421},
	volume = {62},
	number = {14},
	doi = {10.1021/acs.jmedchem.8b01749},
	note = {PMID: 30817889},
	langid = {eng}
}

@article{kenakin2001,
	title = {Inverse, protean, and ligand-selective agonism: matters of receptor conformation},
	author = {Kenakin, T.},
	year = {2001},
	month = {03},
	date = {2001-03},
	journal = {FASEB journal: official publication of the Federation of American Societies for Experimental Biology},
	pages = {598--611},
	volume = {15},
	number = {3},
	doi = {10.1096/fj.00-0438rev},
	note = {PMID: 11259378},
	langid = {eng}
}

@article{lee1980,
	title = {Elevation of brain neuroleptic/dopamine receptors in schizophrenia},
	author = {Lee, T. and Seeman, P.},
	year = {1980},
	month = {02},
	date = {1980-02},
	journal = {The American Journal of Psychiatry},
	pages = {191--197},
	volume = {137},
	number = {2},
	doi = {10.1176/ajp.137.2.191},
	note = {PMID: 6101525},
	langid = {eng}
}

@article{mackay1982,
	title = {Increased brain dopamine and dopamine receptors in schizophrenia},
	author = {Mackay, A. V. and Iversen, L. L. and Rossor, M. and Spokes, E. and Bird, E. and Arregui, A. and Creese, I. and Synder, S. H.},
	year = {1982},
	month = {09},
	date = {1982-09},
	journal = {Archives of General Psychiatry},
	pages = {991--997},
	volume = {39},
	number = {9},
	doi = {10.1001/archpsyc.1982.04290090001001},
	note = {PMID: 7115016},
	langid = {eng}
}

@article{rief2016,
	title = {Rethinking psychopharmacotherapy: The role of treatment context and brain plasticity in antidepressant and antipsychotic interventions},
	author = {Rief, W. and Barsky, A.J. and Bingel, U. and Doering, B.K. and Schwarting, R. and {WÃ¶hr}, M. and Schweiger, U.},
	year = {2016},
	month = {01},
	date = {2016-01},
	journal = {Neuroscience & Biobehavioral Reviews},
	pages = {51--64},
	volume = {60},
	doi = {10.1016/j.neubiorev.2015.11.008},
	url = {https://linkinghub.elsevier.com/retrieve/pii/S0149763415300804},
	langid = {en}
}

@article{jaszczyszyn2012,
	title = {Chemical structure of phenothiazines and their biological activity},
	author = {Jaszczyszyn, Agata and {G{\k{a}}siorowski}, Kazimierz and {{\'{S}}wi{\k{a}}tek}, Piotr and Malinka, {Wies{\l}aw} and {Cie{\'{s}}lik-Boczula}, Katarzyna and Petrus, Joanna and Czarnik-Matusewicz, {Bogus{\l}awa}},
	year = {2012},
	date = {2012},
	journal = {Pharmacological reports: PR},
	pages = {16--23},
	volume = {64},
	number = {1},
	doi = {10.1016/s1734-1140(12)70726-0},
	note = {PMID: 22580516},
	langid = {eng}
}

@article{woolley1954,
	title = {A BIOCHEMICAL AND PHARMACOLOGICAL SUGGESTION ABOUT CERTAIN MENTAL DISORDERS},
	author = {Woolley, D. W. and Shaw, E.},
	year = {1954},
	month = {04},
	date = {1954-04},
	journal = {Proceedings of the National Academy of Sciences of the United States of America},
	pages = {228--231},
	volume = {40},
	number = {4},
	doi = {10.1073/pnas.40.4.228},
	note = {PMID: 16589461
PMCID: PMC527980},
	langid = {eng}
}

@article{carlsson1963,
	title = {EFFECT OF CHLORPROMAZINE OR HALOPERIDOL ON FORMATION OF 3METHOXYTYRAMINE AND NORMETANEPHRINE IN MOUSE BRAIN},
	author = {Carlsson, A. and Lindqvist, M.},
	year = {1963},
	date = {1963},
	journal = {Acta Pharmacologica Et Toxicologica},
	pages = {140--144},
	volume = {20},
	doi = {10.1111/j.1600-0773.1963.tb01730.x},
	note = {PMID: 14060771},
	langid = {eng}
}

@article{vanrossum1966,
	title = {The significance of dopamine-receptor blockade for the mechanism of action of neuroleptic drugs},
	author = {van Rossum, J. M.},
	year = {1966},
	month = {04},
	date = {1966-04},
	journal = {Archives Internationales De Pharmacodynamie Et De Therapie},
	pages = {492--494},
	volume = {160},
	number = {2},
	note = {PMID: 5954044},
	langid = {eng}
}

@article{snyder1976,
	title = {The dopamine hypothesis of schizophrenia: focus on the dopamine receptor},
	author = {Snyder, S.H.},
	year = {1976},
	month = {02},
	date = {1976-02},
	journal = {American Journal of Psychiatry},
	pages = {197--202},
	volume = {133},
	number = {2},
	doi = {10.1176/ajp.133.2.197},
	url = {http://psychiatryonline.org/doi/abs/10.1176/ajp.133.2.197},
	langid = {en}
}

@article{seeman1975,
	title = {Antipsychotic Drugs: Direct Correlation Between Clinical Potency and Presynaptic Action on Dopamine Neurons},
	author = {Seeman, P. and Lee, T.},
	year = {1975},
	month = {06},
	date = {1975-06-20},
	journal = {Science},
	pages = {1217--1219},
	volume = {188},
	number = {4194},
	doi = {10.1126/science.1145194},
	url = {https://www.science.org/doi/10.1126/science.1145194},
	langid = {en}
}

@article{kvaale2013,
	title = {Biogenetic explanations and stigma: a meta-analytic review of associations among laypeople},
	author = {Kvaale, Erlend P. and Gottdiener, William H. and Haslam, Nick},
	year = {2013},
	month = {11},
	date = {2013-11},
	journal = {Social Science & Medicine (1982)},
	pages = {95--103},
	volume = {96},
	doi = {10.1016/j.socscimed.2013.07.017},
	note = {PMID: 24034956},
	langid = {eng}
}

@article{deoliveirasouza2012,
	title = {The Unbearable Lightness of the Extrapyramidal System},
	author = {de Oliveira-Souza, Ricardo and Tovar-Moll, Fernanda},
	year = {2012},
	month = {07},
	date = {2012-07},
	journal = {Journal of the History of the Neurosciences},
	pages = {280--292},
	volume = {21},
	number = {3},
	doi = {10.1080/0964704X.2011.595652},
	url = {http://www.tandfonline.com/doi/abs/10.1080/0964704X.2011.595652},
	langid = {en}
}

@article{steck1954,
	title = {[Extrapyramidal and diencephalic syndrome in the course of largactil and serpasil treatments]},
	author = {Steck, H.},
	year = {1954},
	month = {12},
	date = {1954-12},
	journal = {Annales Medico-Psychologiques},
	pages = {737--744},
	volume = {112},
	number = {2 5},
	note = {PMID: 14362101},
	langid = {fre}
}

@article{haase1954,
	title = {[Occurrence and interpretation of psychomotor parkinsonism in megaphen or largactil prolonged therapy]},
	author = {Haase, H. J.},
	year = {1954},
	month = {12},
	date = {1954-12-20},
	journal = {Der Nervenarzt},
	pages = {486--492},
	volume = {25},
	number = {12},
	note = {PMID: 14356297},
	langid = {ger}
}

@book{foley2018,
	title = {Encephalitis Lethargica: The Mind and Brain Virus},
	author = {Foley, Paul Bernard},
	year = {2018},
	month = {02},
	date = {2018-02-07},
	publisher = {Springer},
	note = {Google-Books-ID: CyFLDwAAQBAJ},
	langid = {en}
}

@article{haase1956,
	title = {[Definition and mode of action of the psychomotor Parkinson syndrome therapeutically induced by serpasil and largactil]},
	author = {Haase, H. J.},
	year = {1956},
	month = {04},
	date = {1956-04},
	journal = {Monatsschrift Fur Psychiatrie Und Neurologie},
	pages = {201--214},
	volume = {131},
	number = {4},
	note = {PMID: 13334283},
	langid = {ger}
}

@article{moncrieff2013,
	title = {Magic bullets for mental disorders: the emergence of the concept of an {"}antipsychotic{"} drug},
	author = {Moncrieff, Joanna},
	year = {2013},
	date = {2013},
	journal = {Journal of the History of the Neurosciences},
	pages = {30--46},
	volume = {22},
	number = {1},
	doi = {10.1080/0964704X.2012.664847},
	note = {PMID: 23323530
PMCID: PMC4118918},
	langid = {eng}
}

@article{guttmacher1964,
	title = {PHENOTHIAZINE TREATMENT IN ACUTE SCHIZOPHRENIA; EFFECTIVENESS: THE NATIONAL   INSTITUTE OF MENTAL HEALTH PSYCHOPHARMACOLOGY SERVICE CENTER COLLABORATIVE STUDY GROUP},
	author = {Guttmacher, M. S.},
	year = {1964},
	month = {03},
	date = {1964-03},
	journal = {Archives of General Psychiatry},
	pages = {246--261},
	volume = {10},
	note = {PMID: 14089354},
	langid = {eng}
}

@article{schonecker1957,
	title = {[Paroxysmal dyskinesia as the effect of megaphen]},
	author = {Schonecker, M.},
	year = {1957},
	month = {12},
	date = {1957-12-20},
	journal = {Der Nervenarzt},
	pages = {550--553},
	volume = {28},
	number = {12},
	note = {PMID: 13517450},
	langid = {ger}
}

@article{faurbye1964,
	title = {NEUROLOGICAL SYMPTOMS IN PHARMACOTHERAPY OF PSYCHOSES},
	author = {Faurbye, A. and Rasch, P. J. and Petersen, P. B. and Brandborg, G. and Pakkenberg, H.},
	year = {1964},
	date = {1964},
	journal = {Acta Psychiatrica Scandinavica},
	pages = {10--27},
	volume = {40},
	number = {1},
	doi = {10.1111/j.1600-0447.1964.tb05731.x},
	note = {PMID: 14217630},
	langid = {eng}
}

@article{kharkwal2016,
	title = {Parkinsonism Driven by Antipsychotics Originates from Dopaminergic Control of Striatal Cholinergic Interneurons},
	author = {Kharkwal, Geetika and Brami-Cherrier, Karen and Lizardi-Ortiz, {JosÃ© E.} and Nelson, Alexandra B. and Ramos, Maria and Del Barrio, Daniel and Sulzer, David and Kreitzer, Anatol C. and Borrelli, Emiliana},
	year = {2016},
	month = {07},
	date = {2016-07-06},
	journal = {Neuron},
	pages = {67--78},
	volume = {91},
	number = {1},
	doi = {10.1016/j.neuron.2016.06.014},
	note = {PMID: 27387649
PMCID: PMC4939839},
	langid = {eng}
}

@article{ali2020,
	title = {A unifying theory for the pathoetiologic mechanism of tardive dyskinesia},
	author = {Ali, Ziad and Roque, Autumn and El-Mallakh, Rif S.},
	year = {2020},
	month = {07},
	date = {2020-07},
	journal = {Medical Hypotheses},
	pages = {109682},
	volume = {140},
	doi = {10.1016/j.mehy.2020.109682},
	url = {https://linkinghub.elsevier.com/retrieve/pii/S0306987719314501},
	langid = {en}
}

@article{chouinard1980,
	title = {Neuroleptic-induced supersensitivity psychosis: clinical and pharmacologic characteristics},
	author = {Chouinard, G and Jones, B.D.},
	year = {1980},
	month = {01},
	date = {1980-01},
	journal = {American Journal of Psychiatry},
	pages = {16--21},
	volume = {137},
	number = {1},
	doi = {10.1176/ajp.137.1.16},
	url = {http://psychiatryonline.org/doi/abs/10.1176/ajp.137.1.16},
	langid = {en}
}

@article{marsden1980,
	title = {The pathophysiology of extrapyramidal side-effects of neuroleptic drugs},
	author = {Marsden, C. D. and Jenner, P.},
	year = {1980},
	month = {02},
	date = {1980-02},
	journal = {Psychological Medicine},
	pages = {55--72},
	volume = {10},
	number = {1},
	doi = {10.1017/S003329170003960X},
	url = {https://www.cambridge.org/core/product/identifier/S003329170003960X/type/journal_article},
	langid = {en}
}

@article{nucifora2017,
	title = {Clozapine as a Model for Antipsychotic Development},
	author = {Nucifora, Frederick C. and Mihaljevic, Marina and Lee, Brian J. and Sawa, Akira},
	year = {2017},
	month = {07},
	date = {2017-07},
	journal = {Neurotherapeutics},
	pages = {750--761},
	volume = {14},
	number = {3},
	doi = {10.1007/s13311-017-0552-9},
	url = {http://link.springer.com/10.1007/s13311-017-0552-9},
	langid = {en}
}

@article{girgis2019,
	title = {The past and future of novel, non-dopamine-2 receptor therapeutics for schizophrenia: A critical and comprehensive review},
	author = {Girgis, Ragy R. and Zoghbi, Anthony W. and Javitt, Daniel C. and Lieberman, Jeffrey A.},
	year = {2019},
	month = {01},
	date = {2019-01},
	journal = {Journal of Psychiatric Research},
	pages = {57--83},
	volume = {108},
	doi = {10.1016/j.jpsychires.2018.07.006},
	note = {PMID: 30055853},
	langid = {eng}
}

@article{stahl2016,
	title = {Mechanism of action of cariprazine},
	author = {Stahl, Stephen M.},
	year = {2016},
	month = {04},
	date = {2016-04},
	journal = {CNS Spectrums},
	pages = {123--127},
	volume = {21},
	number = {2},
	doi = {10.1017/S1092852916000043},
	url = {https://www.cambridge.org/core/product/identifier/S1092852916000043/type/journal_article},
	langid = {en}
}

@article{tariot2021,
	title = {Trial of Pimavanserin in Dementia-Related Psychosis},
	author = {Tariot, Pierre N. and Cummings, Jeffrey L. and Soto-Martin, Maria E. and Ballard, Clive and Erten-Lyons, Deniz and Sultzer, David L. and Devanand, Davangere P. and Weintraub, Daniel and McEvoy, Bradley and Youakim, James M. and Stankovic, Srdjan and Foff, Erin P.},
	year = {2021},
	month = {07},
	date = {2021-07-22},
	journal = {New England Journal of Medicine},
	pages = {309--319},
	volume = {385},
	number = {4},
	doi = {10.1056/NEJMoa2034634},
	url = {http://www.nejm.org/doi/10.1056/NEJMoa2034634},
	langid = {en}
}

@article{csermely2013,
	title = {Structure and dynamics of molecular networks: A novel paradigm of drug discovery},
	author = {Csermely, Peter and {KorcsmÃ¡ros}, {TamÃ¡s} and Kiss, Huba J.M. and London, {GÃ¡bor} and Nussinov, Ruth},
	year = {2013},
	month = {06},
	date = {2013-06},
	journal = {Pharmacology & Therapeutics},
	pages = {333--408},
	volume = {138},
	number = {3},
	doi = {10.1016/j.pharmthera.2013.01.016},
	url = {https://linkinghub.elsevier.com/retrieve/pii/S0163725813000284},
	langid = {en}
}

@article{bhalla1999,
	title = {Emergent properties of networks of biological signaling pathways},
	author = {Bhalla, U. S. and Iyengar, R.},
	year = {1999},
	month = {01},
	date = {1999-01-15},
	journal = {Science (New York, N.Y.)},
	pages = {381--387},
	volume = {283},
	number = {5400},
	doi = {10.1126/science.283.5400.381},
	note = {PMID: 9888852},
	langid = {eng}
}

@article{recanatini2020,
	title = {Drug Research Meets Network Science: Where Are We?},
	author = {Recanatini, Maurizio and Cabrelle, Chiara},
	year = {2020},
	month = {08},
	date = {2020-08-27},
	journal = {Journal of Medicinal Chemistry},
	pages = {8653--8666},
	volume = {63},
	number = {16},
	doi = {10.1021/acs.jmedchem.9b01989},
	url = {https://pubs.acs.org/doi/10.1021/acs.jmedchem.9b01989},
	langid = {en}
}

@article{zhao2012,
	title = {Systems pharmacology: network analysis to identify multiscale mechanisms of drug action},
	author = {Zhao, Shan and Iyengar, Ravi},
	year = {2012},
	date = {2012},
	journal = {Annual Review of Pharmacology and Toxicology},
	pages = {505--521},
	volume = {52},
	doi = {10.1146/annurev-pharmtox-010611-134520},
	note = {PMID: 22235860
PMCID: PMC3619403},
	langid = {eng}
}

@article{barabÃ¡si2011,
	title = {Network medicine: a network-based approach to human disease},
	author = {{BarabÃ¡si}, {Albert-LÃ¡szlÃ³} and Gulbahce, Natali and Loscalzo, Joseph},
	year = {2011},
	month = {01},
	date = {2011-01},
	journal = {Nature Reviews Genetics},
	pages = {56--68},
	volume = {12},
	number = {1},
	doi = {10.1038/nrg2918},
	url = {http://www.nature.com/articles/nrg2918},
	langid = {en}
}

@inbook{tretter2012,
	title = {Systems Biology in Psychiatric Research: From Complex Data Sets Over Wiring Diagrams to Computer Simulations},
	author = {Tretter, Felix and Gebicke-Haerter, Peter J.},
	editor = {Kobeissy, Firas H.},
	year = {2012},
	date = {2012},
	publisher = {Humana Press},
	pages = {567--592},
	volume = {829},
	url = {http://link.springer.com/10.1007/978-1-61779-458-2_36},
	note = {Series Title: Methods in Molecular Biology
DOI: 10.1007/978-1-61779-458-2{\_}36},
	address = {Totowa, NJ}
}

@article{alawieh2012,
	title = {Systems Biology, Bioinformatics, and Biomarkers in Neuropsychiatry},
	author = {Alawieh, Ali and Zaraket, Fadi A. and Li, Jian-Liang and Mondello, Stefania and Nokkari, Amaly and Razafsha, Mahdi and Fadlallah, Bilal and Boustany, Rose-Mary and Kobeissy, Firas H.},
	year = {2012},
	date = {2012},
	journal = {Frontiers in Neuroscience},
	volume = {6},
	doi = {10.3389/fnins.2012.00187},
	url = {http://journal.frontiersin.org/article/10.3389/fnins.2012.00187/abstract}
}
