
@article{gray1959,
	title = {Axo-somatic and axo-dendritic synapses of the cerebral cortex: an electron microscope study},
	author = {Gray, E. G.},
	year = {1959},
	month = {10},
	date = {1959-10},
	journal = {Journal of Anatomy},
	pages = {420--433},
	volume = {93},
	note = {PMID: 13829103
PMCID: PMC1244535},
	langid = {eng}
}

@article{tomasetti2017,
	title = {Treating the Synapse in Major Psychiatric Disorders: The Role of Postsynaptic Density Network in Dopamine-Glutamate Interplay and Psychopharmacologic Drugs Molecular Actions},
	author = {Tomasetti, Carmine and Iasevoli, Felice and Buonaguro, Elisabetta and De Berardis, Domenico and Fornaro, Michele and Fiengo, Annastasia and Martinotti, Giovanni and Orsolini, Laura and Valchera, Alessandro and Di Giannantonio, Massimo and de Bartolomeis, Andrea},
	year = {2017},
	month = {01},
	date = {2017-01-12},
	journal = {International Journal of Molecular Sciences},
	pages = {135},
	volume = {18},
	number = {1},
	doi = {10.3390/ijms18010135},
	url = {http://www.mdpi.com/1422-0067/18/1/135},
	langid = {en}
}

@article{pawson1997,
	title = {Signaling Through Scaffold, Anchoring, and Adaptor Proteins},
	author = {Pawson, Tony and Scott, John D.},
	year = {1997},
	month = {12},
	date = {1997-12-19},
	journal = {Science},
	pages = {2075--2080},
	volume = {278},
	number = {5346},
	doi = {10.1126/science.278.5346.2075},
	url = {https://www.science.org/doi/10.1126/science.278.5346.2075},
	langid = {en}
}

@inbook{debartolomeis2004,
	title = {Postsynaptic density scaffolding proteins at excitatory synapse and disorders of synaptic plasticity: implications for human behavior pathologies},
	author = {de Bartolomeis, Andrea and Fiore, Germano},
	year = {2004},
	date = {2004},
	publisher = {Elsevier},
	pages = {221--254},
	volume = {59},
	doi = {10.1016/S0074-7742(04)59009-8},
	url = {https://linkinghub.elsevier.com/retrieve/pii/S0074774204590098},
	note = {DOI: 10.1016/S0074-7742(04)59009-8},
	langid = {en}
}

@article{worley2007,
	title = {Homer proteins in Ca2+ signaling by excitable and non-excitable cells},
	author = {Worley, Paul F. and Zeng, Weizhong and Huang, Guojin and Kim, Joo Young and Shin, Dong Min and Kim, Min Seuk and Yuan, Joseph P. and Kiselyov, Kirill and Muallem, Shmuel},
	year = {2007},
	month = {11},
	date = {2007-11},
	journal = {Cell Calcium},
	pages = {363--371},
	volume = {42},
	number = {4-5},
	doi = {10.1016/j.ceca.2007.05.007},
	note = {PMID: 17618683
PMCID: PMC2100435},
	langid = {eng}
}


@article{de_bartolomeis_serotonin-glutamate_2013,
	title = {Serotonin-glutamate and serotonin-dopamine reciprocal interactions as putative molecular targets for novel antipsychotic treatments: from receptor heterodimers to postsynaptic scaffolding and effector proteins},
	volume = {225},
	issn = {1432-2072},
	shorttitle = {Serotonin-glutamate and serotonin-dopamine reciprocal interactions as putative molecular targets for novel antipsychotic treatments},
	doi = {10.1007/s00213-012-2921-8},
	language = {eng},
	number = {1},
	journal = {Psychopharmacology},
	author = {de Bartolomeis, A. and Buonaguro, E. F. and Iasevoli, F.},
	month = jan,
	year = {2013},
	pmid = {23179966},
	keywords = {Animals, Antipsychotic Agents, Dopamine, Glutamic Acid, Humans, Molecular Targeted Therapy, Nerve Tissue Proteins, Receptors, Dopamine, Receptors, Glutamate, Receptors, Serotonin, Schizophrenia, Serotonin, Signal Transduction},
	pages = {1--19},
}

@article{tomasetti2007,
	title = {Homer splice variants modulation within cortico-subcortical regions by dopamine D2 antagonists, a partial agonist, and an indirect agonist: implication for glutamatergic postsynaptic density in antipsychotics action},
	author = {Tomasetti, C. and {Dell'Aversano}, C. and Iasevoli, F. and de Bartolomeis, A.},
	year = {2007},
	month = {11},
	date = {2007-11-30},
	journal = {Neuroscience},
	pages = {144--158},
	volume = {150},
	number = {1},
	doi = {10.1016/j.neuroscience.2007.08.022},
	note = {PMID: 17916411},
	langid = {eng}
}

@article{fumagalli2008,
	title = {Dynamic regulation of glutamatergic postsynaptic activity in rat prefrontal cortex by repeated administration of antipsychotic drugs},
	author = {Fumagalli, Fabio and Frasca, Angelisa and Racagni, Giorgio and Riva, Marco Andrea},
	year = {2008},
	month = {05},
	date = {2008-05},
	journal = {Molecular Pharmacology},
	pages = {1484--1490},
	volume = {73},
	number = {5},
	doi = {10.1124/mol.107.043786},
	note = {PMID: 18250147},
	langid = {eng}
}

@article{debartolomeis2015,
	title = {Progressive recruitment of cortical and striatal regions by inducible postsynaptic density transcripts after increasing doses of antipsychotics with different receptor profiles: insights for psychosis treatment},
	author = {de Bartolomeis, Andrea and Iasevoli, Felice and Marmo, Federica and Buonaguro, Elisabetta F. and Eramo, Anna and Rossi, Rodolfo and Avvisati, Livia and Latte, Gianmarco and Tomasetti, Carmine},
	year = {2015},
	month = {04},
	date = {2015-04},
	journal = {European Neuropsychopharmacology: The Journal of the European College of Neuropsychopharmacology},
	pages = {566--582},
	volume = {25},
	number = {4},
	doi = {10.1016/j.euroneuro.2015.01.003},
	note = {PMID: 25649681},
	langid = {eng}
}

@article{debartolomeis2016,
	title = {Switching antipsychotics: Imaging the differential effect on the topography of postsynaptic density transcripts in antipsychotic-na√Øve vs. antipsychotic-exposed rats},
	author = {de Bartolomeis, Andrea and Marmo, Federica and Buonaguro, Elisabetta F. and Latte, Gianmarco and Tomasetti, Carmine and Iasevoli, Felice},
	year = {2016},
	month = {10},
	date = {2016-10-03},
	journal = {Progress in Neuro-Psychopharmacology & Biological Psychiatry},
	pages = {24--38},
	volume = {70},
	doi = {10.1016/j.pnpbp.2016.04.015},
	note = {PMID: 27177972},
	langid = {eng}
}

@article{iasevoli2020,
	title = {The Effects of Antipsychotics on the Synaptic Plasticity Gene Homer1a Depend on a Combination of Their Receptor Profile, Dose, Duration of Treatment, and Brain Regions Targeted},
	author = {Iasevoli, Felice and Buonaguro, Elisabetta Filomena and Avagliano, Camilla and Barone, Annarita and Eramo, Anna and Vellucci, Licia and de Bartolomeis, Andrea},
	year = {2020},
	month = {08},
	date = {2020-08-03},
	journal = {International Journal of Molecular Sciences},
	pages = {E5555},
	volume = {21},
	number = {15},
	doi = {10.3390/ijms21155555},
	note = {PMID: 32756473
PMCID: PMC7432375},
	langid = {eng}
}

@article{debartolomeis2014,
	title = {Glutamatergic postsynaptic density protein dysfunctions in synaptic plasticity and dendritic spines morphology: relevance to schizophrenia and other behavioral disorders pathophysiology, and implications for novel therapeutic approaches},
	author = {de Bartolomeis, Andrea and Latte, Gianmarco and Tomasetti, Carmine and Iasevoli, Felice},
	year = {2014},
	month = {02},
	date = {2014-02},
	journal = {Molecular Neurobiology},
	pages = {484--511},
	volume = {49},
	number = {1},
	doi = {10.1007/s12035-013-8534-3},
	note = {PMID: 23999870},
	langid = {eng}
}

@article{egbujo2016,
	title = {Dysregulations of Synaptic Vesicle Trafficking in Schizophrenia},
	author = {Egbujo, Chijioke N. and Sinclair, Duncan and Hahn, Chang-Gyu},
	year = {2016},
	month = {08},
	date = {2016-08},
	journal = {Current Psychiatry Reports},
	pages = {77},
	volume = {18},
	number = {8},
	doi = {10.1007/s11920-016-0710-5},
	note = {PMID: 27371030
PMCID: PMC5134737},
	langid = {eng}
}

@article{howes2020,
	title = {The Synaptic Hypothesis of Schizophrenia: In Vivo PET Evidence in Patients and Preclinical Evidence of the Effects of Antipsychotics},
	author = {Howes, Oliver and Onwordi, Ellis and Haalf, Els and Whitehurst, Thomas and Wells, Lisa and Rabiner, Ilan and Bonsall, David and Vernon, Anthony},
	year = {2020},
	month = {05},
	date = {2020-05},
	journal = {Biological Psychiatry},
	pages = {S234},
	volume = {87},
	number = {9},
	doi = {10.1016/j.biopsych.2020.02.607},
	url = {https://linkinghub.elsevier.com/retrieve/pii/S0006322320307198},
	langid = {en}
}

@article{yagensky2016,
	title = {The Roles of Microtubule-Based Transport at Presynaptic Nerve Terminals},
	author = {Yagensky, Oleksandr and Kalantary Dehaghi, Tahere and Chua, John Jia En},
	year = {2016},
	date = {2016},
	journal = {Frontiers in Synaptic Neuroscience},
	pages = {3},
	volume = {8},
	doi = {10.3389/fnsyn.2016.00003},
	note = {PMID: 26903856
PMCID: PMC4748046},
	langid = {eng}
}

@article{reshetniak2021,
	title = {The vesicle cluster as a major organizer of synaptic composition in the short-term and long-term},
	author = {Reshetniak, Sofiia and Rizzoli, Silvio O.},
	year = {2021},
	month = {08},
	date = {2021-08},
	journal = {Current Opinion in Cell Biology},
	pages = {63--68},
	volume = {71},
	doi = {10.1016/j.ceb.2021.02.007},
	url = {https://linkinghub.elsevier.com/retrieve/pii/S0955067421000284},
	langid = {en}
}

@article{augustine1999,
	title = {Proteins involved in synaptic vesicle trafficking},
	author = {Augustine, G. J. and Burns, M. E. and DeBello, W. M. and Hilfiker, S. and Morgan, J. R. and Schweizer, F. E. and Tokumaru, H. and Umayahara, K.},
	year = {1999},
	month = {10},
	date = {1999-10-01},
	journal = {The Journal of Physiology},
	pages = {33--41},
	volume = {520 Pt 1},
	doi = {10.1111/j.1469-7793.1999.00033.x},
	note = {PMID: 10517798
PMCID: PMC2269560},
	langid = {eng}
}

@article{thoreson2020,
	title = {How ribbons make {\textquoteleft}sense{\textquoteright} for vision},
	author = {Thoreson, Wallace B. and Hays, Cassandra L.},
	year = {2020},
	month = {10},
	date = {2020-10-21},
	journal = {The Biochemist},
	pages = {36--41},
	volume = {42},
	number = {5},
	doi = {10.1042/BIO20200064},
	url = {https://portlandpress.com/biochemist/article/42/5/36/226595/How-ribbons-make-sense-for-vision},
	langid = {en}
}

@article{milosevic2018,
	title = {Revisiting the Role of Clathrin-Mediated Endoytosis in Synaptic Vesicle Recycling},
	author = {Milosevic, Ira},
	year = {2018},
	date = {2018},
	journal = {Frontiers in Cellular Neuroscience},
	pages = {27},
	volume = {12},
	doi = {10.3389/fncel.2018.00027},
	note = {PMID: 29467622
PMCID: PMC5807904},
	langid = {eng}
}

@article{jung2007,
	title = {Clathrin-Mediated Endocytosis at Synapses},
	author = {Jung, Nadja and Haucke, Volker},
	year = {2007},
	month = {09},
	date = {2007-09},
	journal = {Traffic},
	pages = {1129--1136},
	volume = {8},
	number = {9},
	doi = {10.1111/j.1600-0854.2007.00595.x},
	url = {https://onlinelibrary.wiley.com/doi/10.1111/j.1600-0854.2007.00595.x},
	langid = {en}
}

@article{delvendahl2016,
	title = {Fast, Temperature-Sensitive and Clathrin-Independent Endocytosis at Central Synapses},
	author = {Delvendahl, Igor and Vyleta, {Nicholas¬†P.} and {von¬†Gersdorff}, Henrique and Hallermann, Stefan},
	year = {2016},
	month = {05},
	date = {2016-05},
	journal = {Neuron},
	pages = {492--498},
	volume = {90},
	number = {3},
	doi = {10.1016/j.neuron.2016.03.013},
	url = {https://linkinghub.elsevier.com/retrieve/pii/S0896627316300022},
	langid = {en}
}

@article{gross2016,
	title = {Recycling at synapses},
	author = {Gross, Owen P and von Gersdorff, Henrique},
	year = {2016},
	month = {06},
	date = {2016-06-29},
	journal = {eLife},
	pages = {e17692},
	volume = {5},
	doi = {10.7554/eLife.17692},
	url = {https://elifesciences.org/articles/17692},
	langid = {en}
}

@article{white2021,
	title = {Room for Two: The Synaptophysin/Synaptobrevin Complex},
	author = {White, Dustin N. and Stowell, Michael H. B.},
	year = {2021},
	month = {09},
	date = {2021-09-20},
	journal = {Frontiers in Synaptic Neuroscience},
	pages = {740318},
	volume = {13},
	doi = {10.3389/fnsyn.2021.740318},
	url = {https://www.frontiersin.org/articles/10.3389/fnsyn.2021.740318/full}
}

@article{browning1993,
	title = {Significant reductions in synapsin but not synaptophysin specific activity in the brains of some schizophrenics},
	author = {Browning, M. D. and Dudek, E. M. and Rapier, J. L. and Leonard, S. and Freedman, R.},
	year = {1993},
	month = {10},
	date = {1993-10-15},
	journal = {Biological Psychiatry},
	pages = {529--535},
	volume = {34},
	number = {8},
	doi = {10.1016/0006-3223(93)90195-j},
	note = {PMID: 8274580},
	langid = {eng}
}

@article{davidsson1999,
	title = {The synaptic-vesicle-specific proteins rab3a and synaptophysin are reduced in thalamus and related cortical brain regions in schizophrenic brains},
	author = {Davidsson, P. and Gottfries, J. and Bogdanovic, N. and Ekman, R. and Karlsson, I. and Gottfries, C. G. and Blennow, K.},
	year = {1999},
	month = {11},
	date = {1999-11-09},
	journal = {Schizophrenia Research},
	pages = {23--29},
	volume = {40},
	number = {1},
	doi = {10.1016/s0920-9964(99)00037-7},
	note = {PMID: 10541003},
	langid = {eng}
}

@article{land√©n2002,
	title = {Reduction of the synaptophysin level but normal levels of glycerophospholipids in the gyrus cinguli in schizophrenia},
	author = {{Land√©n}, Mikael and Davidsson, Pia and Gottfries, Carl-Gerhard and {M√•nsson}, Jan-Eric and Blennow, Kaj},
	year = {2002},
	month = {05},
	date = {2002-05-01},
	journal = {Schizophrenia Research},
	pages = {83--88},
	volume = {55},
	number = {1-2},
	doi = {10.1016/s0920-9964(01)00197-9},
	note = {PMID: 11955966},
	langid = {eng}
}

@article{shen2012,
	title = {Genetic and functional analyses of the gene encoding synaptophysin in schizophrenia},
	author = {Shen, Yu-Chih and Tsai, Ho-Min and Ruan, Jhen-Wei and Liao, Yi-Chu and Chen, Shih-Fen and Chen, Chia-Hsiang},
	year = {2012},
	month = {05},
	date = {2012-05},
	journal = {Schizophrenia Research},
	pages = {14--19},
	volume = {137},
	number = {1-3},
	doi = {10.1016/j.schres.2012.01.028},
	note = {PMID: 22348818},
	langid = {eng}
}

@article{kontkanen2002,
	title = {Antipsychotic drug treatment induces differential gene expression in the rat cortex: Antipsychotics and gene expression in the PFC},
	author = {Kontkanen, Outi and {T√∂r√∂nen}, Petri and Lakso, Merja and Wong, Garry and {Castr√©n}, Eero},
	year = {2002},
	month = {11},
	date = {2002-11-19},
	journal = {Journal of Neurochemistry},
	pages = {1043--1053},
	volume = {83},
	number = {5},
	doi = {10.1046/j.1471-4159.2002.01213.x},
	url = {http://doi.wiley.com/10.1046/j.1471-4159.2002.01213.x},
	langid = {en}
}

@article{dulubova1999,
	title = {A conformational switch in syntaxin during exocytosis: role of munc18},
	author = {Dulubova, I. and Sugita, S. and Hill, S. and Hosaka, M. and Fernandez, I. and {S√ºdhof}, T. C. and Rizo, J.},
	year = {1999},
	month = {08},
	date = {1999-08-16},
	journal = {The EMBO journal},
	pages = {4372--4382},
	volume = {18},
	number = {16},
	doi = {10.1093/emboj/18.16.4372},
	note = {PMID: 10449403
PMCID: PMC1171512},
	langid = {eng}
}

@article{khvotchev2010,
	title = {Schizophrenia and synapse: emerging role of presynaptic fusion machinery},
	author = {Khvotchev, Mikhail},
	year = {2010},
	month = {02},
	date = {2010-02-01},
	journal = {Biological Psychiatry},
	pages = {197--198},
	volume = {67},
	number = {3},
	doi = {10.1016/j.biopsych.2009.12.007},
	note = {PMID: 20103413},
	langid = {eng}
}

@article{vonwilmsdorff2018,
	title = {Effects of haloperidol and clozapine on synapse-related gene expression in specific brain regions of male rats},
	author = {von Wilmsdorff, Martina and Manthey, Fabian and Bouvier, Marie-Luise and Staehlin, Oliver and Falkai, Peter and Meisenzahl-Lechner, Eva and Schmitt, Andrea and Gebicke-Haerter, Peter J.},
	year = {2018},
	month = {09},
	date = {2018-09},
	journal = {European Archives of Psychiatry and Clinical Neuroscience},
	pages = {555--563},
	volume = {268},
	number = {6},
	doi = {10.1007/s00406-018-0872-8},
	note = {PMID: 29404686},
	langid = {eng}
}

@article{m√ºller2005,
	title = {The SNAP-25 gene may be associated with clinical response and weight gain in antipsychotic treatment of schizophrenia},
	author = {{M√ºller}, Daniel J. and Klempan, Tim A. and De Luca, Vincenzo and Sicard, Tricia and Volavka, Jan and Czobor, Pal and Sheitman, Brian B. and Lindenmayer, Jean-Pierre and Citrome, Leslie and McEvoy, Joseph P. and Lieberman, Jeffrey A. and Honer, William G. and Kennedy, James L.},
	year = {2005},
	month = {05},
	date = {2005-05-06},
	journal = {Neuroscience Letters},
	pages = {81--89},
	volume = {379},
	number = {2},
	doi = {10.1016/j.neulet.2004.12.037},
	note = {PMID: 15823421},
	langid = {eng}
}

@article{spellmann2008,
	title = {Associations of SNAP-25 polymorphisms with cognitive dysfunctions in Caucasian patients with schizophrenia during a brief trail of treatment with atypical antipsychotics},
	author = {Spellmann, Ilja and {M√ºller}, Norbert and Musil, Richard and Zill, Peter and Douhet, Anette and Dehning, Sandra and Cerovecki, Anja and Bondy, Brigitta and {M√∂ller}, {Hans-J√ºrgen} and Riedel, Michael},
	year = {2008},
	month = {09},
	date = {2008-09},
	journal = {European Archives of Psychiatry and Clinical Neuroscience},
	pages = {335--344},
	volume = {258},
	number = {6},
	doi = {10.1007/s00406-007-0800-9},
	note = {PMID: 18347838},
	langid = {eng}
}

@article{yang2017,
	title = {Brain-Specific SNAP-25 Deletion Leads to Elevated Extracellular Glutamate Level and Schizophrenia-Like Behavior in Mice},
	author = {Yang, Hua and Zhang, Mengjie and Shi, Jiahao and Zhou, Yunhe and Wan, Zhipeng and Wang, Yicheng and Wan, Yinghan and Li, Jun and Wang, Zhugang and Fei, Jian},
	year = {2017},
	date = {2017},
	journal = {Neural Plasticity},
	pages = {1--11},
	volume = {2017},
	doi = {10.1155/2017/4526417},
	url = {https://www.hindawi.com/journals/np/2017/4526417/},
	langid = {en}
}

@article{barakauskas2010,
	title = {A Novel Mechanism and Treatment Target for Presynaptic Abnormalities in Specific Striatal Regions in Schizophrenia},
	author = {Barakauskas, Vilte E and Beasley, Clare L and Barr, Alasdair M and Ypsilanti, Athena R and Li, Hong-Ying and Thornton, Allen E and Wong, Hubert and Rosokilja, Gorazd and Mann, J John and Mancevski, Branislav and Jakovski, Zlatko and Davceva, Natasha and Ilievski, Boro and Dwork, Andrew J and Falkai, Peter and Honer, William G},
	year = {2010},
	month = {04},
	date = {2010-04},
	journal = {Neuropsychopharmacology},
	pages = {1226--1238},
	volume = {35},
	number = {5},
	doi = {10.1038/npp.2009.228},
	url = {https://www.nature.com/articles/npp2009228},
	langid = {en}
}

@article{benedet2020,
	title = {SNAP25 reflects amyloid{-} and tau{-}related synaptic damage: Associations between PET, VBM and cerebrospinal fluid biomarkers of synaptic disfunction in the Alzheimer{\textquoteright}s disease spectrum: Neuroimaging: Imaging the human synapse in AD},
	author = {Benedet, {Andr√©a Lessa} and Ashton, Nicholas J. and Pascoal, Tharick A. and Brinkmalm, Ann and Nilsson, Johanna and Kvartsberg, Hlin and Mathotaarachchi, Sulantha and Savard, {M√©lissa} and Therriault, Joseph and Tissot, {C√©cile} and Chamoun, Mira and Zetterberg, Henrik and Blennow, Kaj and {Rosa{-}Neto}, Pedro},
	year = {2020},
	month = {12},
	date = {2020-12},
	journal = {Alzheimer's & Dementia},
	volume = {16},
	number = {S5},
	doi = {10.1002/alz.046358},
	url = {https://onlinelibrary.wiley.com/doi/10.1002/alz.046358},
	langid = {en}
}

@article{brinkmalm2014,
	title = {SNAP-25 is a promising novel cerebrospinal fluid biomarker for synapse degeneration in Alzheimer's disease},
	author = {Brinkmalm, Ann and Brinkmalm, Gunnar and Honer, William G. and {Fr√∂lich}, Lutz and Hausner, Lucrezia and Minthon, Lennart and Hansson, Oskar and Wallin, Anders and Zetterberg, Henrik and Blennow, Kaj and {√ñhrfelt}, Annika},
	year = {2014},
	month = {11},
	date = {2014-11-23},
	journal = {Molecular Neurodegeneration},
	pages = {53},
	volume = {9},
	doi = {10.1186/1750-1326-9-53},
	note = {PMID: 25418885
PMCID: PMC4253625},
	langid = {eng}
}

@article{mazzucchi2020,
	title = {The role of synaptic biomarkers in the spectrum of neurodegenerative diseases},
	author = {Mazzucchi, Sonia and Palermo, Giovanni and Campese, Nicole and Galgani, Alessandro and Della Vecchia, Alessandra and Vergallo, Andrea and Siciliano, Gabriele and Ceravolo, Roberto and Hampel, Harald and Baldacci, Filippo},
	year = {2020},
	month = {08},
	date = {2020-08},
	journal = {Expert Review of Proteomics},
	pages = {543--559},
	volume = {17},
	number = {7-8},
	doi = {10.1080/14789450.2020.1831388},
	note = {PMID: 33028119},
	langid = {eng}
}

@article{schmid2007,
	title = {Integrating molecular and network biology to decode endocytosis},
	author = {Schmid, Eva M. and McMahon, Harvey T.},
	year = {2007},
	month = {08},
	date = {2007-08},
	journal = {Nature},
	pages = {883--888},
	volume = {448},
	number = {7156},
	doi = {10.1038/nature06031},
	url = {http://www.nature.com/articles/nature06031},
	langid = {en}
}

@article{schubert2012,
	title = {Hypothesis review: are clathrin-mediated endocytosis and clathrin-dependent membrane and protein trafficking core pathophysiological processes in schizophrenia and bipolar disorder?},
	author = {Schubert, K. O. and {F√∂cking}, M. and Prehn, J. H. M. and Cotter, D. R.},
	year = {2012},
	month = {07},
	date = {2012-07},
	journal = {Molecular Psychiatry},
	pages = {669--681},
	volume = {17},
	number = {7},
	doi = {10.1038/mp.2011.123},
	note = {PMID: 21986877},
	langid = {eng}
}

@article{daniel2015,
	title = {Phenothiazine-derived antipsychotic drugs inhibit dynamin and clathrin-mediated endocytosis},
	author = {Daniel, James A. and Chau, Ngoc and Abdel-Hamid, Mohammed K. and Hu, Lingbo and von Kleist, Lisa and Whiting, Ainslie and Krishnan, Sai and Maamary, Peter and Joseph, Shannon R. and Simpson, Fiona and Haucke, Volker and McCluskey, Adam and Robinson, Phillip J.},
	year = {2015},
	month = {06},
	date = {2015-06},
	journal = {Traffic (Copenhagen, Denmark)},
	pages = {635--654},
	volume = {16},
	number = {6},
	doi = {10.1111/tra.12272},
	note = {PMID: 25693808},
	langid = {eng}
}

@article{masri2008,
	title = {Antagonism of dopamine D2 receptor/beta-arrestin 2 interaction is a common property of clinically effective antipsychotics},
	author = {Masri, Bernard and Salahpour, Ali and Didriksen, Michael and Ghisi, Valentina and Beaulieu, Jean-Martin and Gainetdinov, Raul R. and Caron, Marc G.},
	year = {2008},
	month = {09},
	date = {2008-09-09},
	journal = {Proceedings of the National Academy of Sciences of the United States of America},
	pages = {13656--13661},
	volume = {105},
	number = {36},
	doi = {10.1073/pnas.0803522105},
	note = {PMID: 18768802
PMCID: PMC2533245},
	langid = {eng}
}

@article{sharp2013,
	title = {The effect of clozapine on mRNA expression for genes encoding G protein-coupled receptors and the protein components of clathrin-mediated endocytosis},
	author = {Sharp, Sally I. and Hu, Ying and Weymer, Jon F. and Rizig, Mie and McQuillin, Andrew and Hunt, Stephen P. and Gurling, Hugh M. D.},
	year = {2013},
	month = {08},
	date = {2013-08},
	journal = {Psychiatric Genetics},
	pages = {153--162},
	volume = {23},
	number = {4},
	doi = {10.1097/YPG.0b013e32835fe51d},
	note = {PMID: 23811784
PMCID: PMC4206381},
	langid = {eng}
}

@article{anderson2019,
	title = {Inhibition of Epstein-Barr Virus Lytic Reactivation by the Atypical Antipsychotic Drug Clozapine},
	author = {Anderson, Abbie G. and Gaffy, Cullen B. and Weseli, Joshua R. and Gorres, Kelly L.},
	year = {2019},
	month = {05},
	date = {2019-05-17},
	journal = {Viruses},
	pages = {E450},
	volume = {11},
	number = {5},
	doi = {10.3390/v11050450},
	note = {PMID: 31108875
PMCID: PMC6563273},
	langid = {eng}
}

@article{dutta2012,
	title = {Search for inhibitors of endocytosis: Intended specificity and unintended consequences},
	author = {Dutta, Dipannita and Donaldson, Julie G.},
	year = {2012},
	month = {10},
	date = {2012-10-01},
	journal = {Cellular Logistics},
	pages = {203--208},
	volume = {2},
	number = {4},
	doi = {10.4161/cl.23967},
	note = {PMID: 23538558
PMCID: PMC3607622},
	langid = {eng}
}

@article{jeong2021,
	title = {Challenges in Prescribing Clozapine in the Era of COVID-19: A Review Focused on Immunological Implications},
	author = {Jeong, Seong Hoon and Kim, Yong Sik},
	year = {2021},
	month = {08},
	date = {2021-08-31},
	journal = {Clinical Psychopharmacology and Neuroscience: The Official Scientific Journal of the Korean College of Neuropsychopharmacology},
	pages = {411--422},
	volume = {19},
	number = {3},
	doi = {10.9758/cpn.2021.19.3.411},
	note = {PMID: 34294611
PMCID: PMC8316651},
	langid = {eng}
}

@article{plaze2020,
	title = {Repurposing chlorpromazine to treat COVID-19: The reCoVery study},
	author = {Plaze, M. and Attali, D. and Petit, A.-C. and Blatzer, M. and Simon-Loriere, E. and Vinckier, F. and Cachia, A. and {Chr√©tien}, F. and Gaillard, R.},
	year = {2020},
	month = {06},
	date = {2020-06},
	journal = {L'Enc√©phale},
	pages = {169--172},
	volume = {46},
	number = {3},
	doi = {10.1016/j.encep.2020.05.006},
	url = {https://linkinghub.elsevier.com/retrieve/pii/S0013700620300919},
	langid = {en}
}

@inbook{banerjee2016,
	title = {The PSD},
	author = {Banerjee, A. and Borgmann-Winter, K.E. and Ray, R. and Hahn, C.-G.},
	year = {2016},
	date = {2016},
	publisher = {Elsevier},
	pages = {125--147},
	doi = {10.1016/B978-0-12-801829-3.00016-1},
	url = {https://linkinghub.elsevier.com/retrieve/pii/B9780128018293000161},
	note = {DOI: 10.1016/B978-0-12-801829-3.00016-1},
	langid = {en}
}

@article{perry1979,
	title = {Yolk transport in the ovarian follicle of the hen (Gallus domesticus): lipoprotein-like particles at the periphery of the oocyte in the rapid growth phase},
	author = {Perry, M. M. and Gilbert, A. B.},
	year = {1979},
	month = {10},
	date = {1979-10},
	journal = {Journal of Cell Science},
	pages = {257--272},
	volume = {39},
	doi = {10.1242/jcs.39.1.257},
	note = {PMID: 231041},
	langid = {eng}
}
