
@article{elkon2017,
	title = {Characterization of noncoding regulatory DNA in the human genome},
	author = {Elkon, Ran and Agami, Reuven},
	year = {2017},
	month = {08},
	date = {2017-08},
	journal = {Nature Biotechnology},
	pages = {732--746},
	volume = {35},
	number = {8},
	doi = {10.1038/nbt.3863},
	url = {http://www.nature.com/articles/nbt.3863},
	langid = {en}
}

@article{caputo2015,
	title = {The emerging role of MicroRNA in schizophrenia},
	author = {Caputo, Viviana and Ciolfi, Andrea and Macri, Simone and Pizzuti, Antonio},
	year = {2015},
	date = {2015},
	journal = {CNS & neurological disorders drug targets},
	pages = {208--221},
	volume = {14},
	number = {2},
	doi = {10.2174/1871527314666150116124253},
	note = {PMID: 25613509},
	langid = {eng}
}

@article{ramirez2013,
	title = {Creating a False Memory in the Hippocampus},
	author = {Ramirez, Steve and Liu, Xu and Lin, Pei-Ann and Suh, Junghyup and Pignatelli, Michele and Redondo, Roger L. and Ryan, {Tomás J.} and Tonegawa, Susumu},
	year = {2013},
	month = {07},
	date = {2013-07-26},
	journal = {Science},
	pages = {387--391},
	volume = {341},
	number = {6144},
	doi = {10.1126/science.1239073},
	url = {https://www.science.org/doi/10.1126/science.1239073},
	langid = {en}
}

@article{liu2012,
	title = {Optogenetic stimulation of a hippocampal engram activates fear memory recall},
	author = {Liu, Xu and Ramirez, Steve and Pang, Petti T. and Puryear, Corey B. and Govindarajan, Arvind and Deisseroth, Karl and Tonegawa, Susumu},
	year = {2012},
	month = {04},
	date = {2012-04},
	journal = {Nature},
	pages = {381--385},
	volume = {484},
	number = {7394},
	doi = {10.1038/nature11028},
	url = {http://www.nature.com/articles/nature11028},
	langid = {en}
}

@article{minatohara2016,
	title = {Role of Immediate-Early Genes in Synaptic Plasticity and Neuronal Ensembles Underlying the Memory Trace},
	author = {Minatohara, Keiichiro and Akiyoshi, Mika and Okuno, Hiroyuki},
	year = {2016},
	month = {01},
	date = {2016-01-05},
	journal = {Frontiers in Molecular Neuroscience},
	volume = {8},
	doi = {10.3389/fnmol.2015.00078},
	url = {http://journal.frontiersin.org/Article/10.3389/fnmol.2015.00078/abstract}
}

@article{clayton2000,
	title = {The genomic action potential},
	author = {Clayton, D. F.},
	year = {2000},
	month = {11},
	date = {2000-11},
	journal = {Neurobiology of Learning and Memory},
	pages = {185--216},
	volume = {74},
	number = {3},
	doi = {10.1006/nlme.2000.3967},
	note = {PMID: 11031127},
	langid = {eng}
}

@article{marballi2018,
	title = {Immediate Early Genes Anchor a Biological Pathway of Proteins Required for Memory Formation, Long-Term Depression and Risk for Schizophrenia},
	author = {Marballi, Ketan K. and Gallitano, Amelia L.},
	year = {2018},
	date = {2018},
	journal = {Frontiers in Behavioral Neuroscience},
	pages = {23},
	volume = {12},
	doi = {10.3389/fnbeh.2018.00023},
	note = {PMID: 29520222
PMCID: PMC5827560},
	langid = {eng}
}

@article{debartolomeis2017,
	title = {Immediate-Early Genes Modulation by Antipsychotics: Translational Implications for a Putative Gateway to Drug-Induced Long-Term Brain Changes},
	author = {de Bartolomeis, Andrea and Buonaguro, Elisabetta F. and Latte, Gianmarco and Rossi, Rodolfo and Marmo, Federica and Iasevoli, Felice and Tomasetti, Carmine},
	year = {2017},
	date = {2017},
	journal = {Frontiers in Behavioral Neuroscience},
	pages = {240},
	volume = {11},
	doi = {10.3389/fnbeh.2017.00240},
	note = {PMID: 29321734
PMCID: PMC5732183},
	langid = {eng}
}

@article{calais2013,
	title = {Long-term decrease in immediate early gene expression after electroconvulsive seizures},
	author = {Calais, Julien Braga and Valvassori, Samira S. and Resende, Wilson R. and Feier, Gustavo and {Athié}, Maria Carolina Pedro and Ribeiro, Sidarta and Gattaz, Wagner Farid and Quevedo, {João} and Ojopi, Elida Benquique},
	year = {2013},
	month = {02},
	date = {2013-02},
	journal = {Journal of Neural Transmission (Vienna, Austria: 1996)},
	pages = {259--266},
	volume = {120},
	number = {2},
	doi = {10.1007/s00702-012-0861-4},
	note = {PMID: 22875635},
	langid = {eng}
}

@article{fan2019,
	title = {Optogenetic inhibition of ventral hippocampal neurons alleviates associative motor learning dysfunction in a rodent model of schizophrenia},
	author = {Fan, Zheng-li and Wu, Bing and Wu, Guang-yan and Yao, Juan and Li, Xuan and Hu, Ke-hui and Zhou, Zhen-hua and Sui, Jian-feng},
	editor = {Kavushansky, Alexandra},
	year = {2019},
	month = {12},
	date = {2019-12-31},
	journal = {PLOS ONE},
	pages = {e0227200},
	volume = {14},
	number = {12},
	doi = {10.1371/journal.pone.0227200},
	url = {https://dx.plos.org/10.1371/journal.pone.0227200},
	langid = {en}
}

@article{peled2011,
	title = {Optogenetic neuronal control in schizophrenia},
	author = {Peled, Avi},
	year = {2011},
	month = {06},
	date = {2011-06},
	journal = {Medical Hypotheses},
	pages = {914--921},
	volume = {76},
	number = {6},
	doi = {10.1016/j.mehy.2011.03.009},
	url = {https://linkinghub.elsevier.com/retrieve/pii/S0306987711001113},
	langid = {en}
}

@article{adamczyk2020,
	title = {The Memory-Modifying Potential of Optogenetics and the Need for Neuroethics},
	author = {Adamczyk, Agnieszka K. and Zawadzki, {Przemys{\l}aw}},
	year = {2020},
	month = {12},
	date = {2020-12},
	journal = {NanoEthics},
	pages = {207--225},
	volume = {14},
	number = {3},
	doi = {10.1007/s11569-020-00377-1},
	url = {https://link.springer.com/10.1007/s11569-020-00377-1},
	langid = {en}
}

@article{sommerlandt2019,
	title = {Immediate early genes in social insects: a tool to identify brain regions involved in complex behaviors and molecular processes underlying neuroplasticity},
	author = {Sommerlandt, Frank M. J. and Brockmann, Axel and {Rössler}, Wolfgang and Spaethe, Johannes},
	year = {2019},
	month = {02},
	date = {2019-02},
	journal = {Cellular and molecular life sciences: CMLS},
	pages = {637--651},
	volume = {76},
	number = {4},
	doi = {10.1007/s00018-018-2948-z},
	note = {PMID: 30349993
PMCID: PMC6514070},
	langid = {eng}
}

@article{chiu1988,
	title = {The c-Fos protein interacts with c-Jun/AP-1 to stimulate transcription of AP-1 responsive genes},
	author = {Chiu, R. and Boyle, W. J. and Meek, J. and Smeal, T. and Hunter, T. and Karin, M.},
	year = {1988},
	month = {08},
	date = {1988-08-12},
	journal = {Cell},
	pages = {541--552},
	volume = {54},
	number = {4},
	doi = {10.1016/0092-8674(88)90076-1},
	note = {PMID: 3135940},
	langid = {eng}
}

@article{demmer1993,
	title = {Differential expression of immediate early genes after hippocampal long-term potentiation in awake rats},
	author = {Demmer, J. and Dragunow, M. and Lawlor, P. A. and Mason, S. E. and Leah, J. D. and Abraham, W. C. and Tate, W. P.},
	year = {1993},
	month = {03},
	date = {1993-03},
	journal = {Brain Research. Molecular Brain Research},
	pages = {279--286},
	volume = {17},
	number = {3-4},
	doi = {10.1016/0169-328x(93)90012-e},
	note = {PMID: 8510500},
	langid = {eng}
}

@article{todorova2003,
	title = {Increased Expression of c-Jun Transcription Factor in Cerebellar Vermis of Patients with Schizophrenia},
	author = {Todorova, Valentina K and Elbein, Alan D and Kyosseva, Svetlana V},
	year = {2003},
	month = {08},
	date = {2003-08},
	journal = {Neuropsychopharmacology},
	pages = {1506--1514},
	volume = {28},
	number = {8},
	doi = {10.1038/sj.npp.1300211},
	url = {http://www.nature.com/articles/1300211},
	langid = {en}
}

@article{cattane2015,
	title = {Altered Gene Expression in Schizophrenia: Findings from Transcriptional Signatures in Fibroblasts and Blood},
	author = {Cattane, Nadia and Minelli, Alessandra and Milanesi, Elena and Maj, Carlo and Bignotti, Stefano and Bortolomasi, Marco and Chiavetto, Luisella Bocchio and Gennarelli, Massimo},
	year = {2015},
	month = {02},
	date = {2015-02-06},
	journal = {PLOS ONE},
	pages = {e0116686},
	volume = {10},
	number = {2},
	doi = {10.1371/journal.pone.0116686},
	url = {https://dx.plos.org/10.1371/journal.pone.0116686},
	langid = {en}
}

@article{boyajyan2015,
	title = {Schizophrenia-associated Risk and Protective Variants of c-Fos Encoding Gene},
	author = {Boyajyan, Anna and Zakharyan, Roksana and Atshemyan, Sofi and Chavushyan, Andranik and Mkrtchyan, Gohar},
	year = {2015},
	date = {2015},
	journal = {Recent advances in DNA & gene sequences},
	pages = {51--57},
	volume = {9},
	number = {1},
	doi = {10.2174/2352092209666150223113334},
	note = {PMID: 25706621},
	langid = {eng}
}


@article{huangcentral_2019,
	title = {Central and {Peripheral} {Changes} in {FOS} {Expression} in {Schizophrenia} {Based} on {Genome}-{Wide} {Gene} {Expression}},
	volume = {10},
	issn = {1664-8021},
	url = {https://www.frontiersin.org/article/10.3389/fgene.2019.00232/full},
	doi = {10.3389/fgene.2019.00232},
	urldate = {2022-05-30},
	journal = {Frontiers in Genetics},
	author = {Huang, Jing and Liu, Fangkun and Wang, Bolun and Tang, Hui and Teng, Ziwei and Li, Lehua and Qiu, Yan and Wu, Haishan and Chen, Jindong},
	month = mar,
	year = {2019},
	pages = {232},
	file = {Full Text:C\:\\Users\\Ansel\\Zotero\\storage\\DUGF4PPJ\\Huang et al. - 2019 - Central and Peripheral Changes in FOS Expression i.pdf:application/pdf},
}

@article{bullitt1990,
	title = {Expression of c-fos-like protein as a marker for neuronal activity following noxious stimulation in the rat},
	author = {Bullitt, E.},
	year = {1990},
	month = {06},
	date = {1990-06-22},
	journal = {The Journal of Comparative Neurology},
	pages = {517--530},
	volume = {296},
	number = {4},
	doi = {10.1002/cne.902960402},
	note = {PMID: 2113539},
	langid = {eng}
}

@article{dragunow1990,
	title = {MK-801 induces c-fos protein in thalamic and neocortical neurons of rat brain},
	author = {Dragunow, M. and Faull, R. L.},
	year = {1990},
	month = {03},
	date = {1990-03-26},
	journal = {Neuroscience Letters},
	pages = {39--45},
	volume = {111},
	number = {1-2},
	doi = {10.1016/0304-3940(90)90341-6},
	note = {PMID: 2110635},
	langid = {eng}
}

@article{robertson1992,
	title = {Neuroleptics increase c-fos expression in the forebrain: contrasting effects of haloperidol and clozapine},
	author = {Robertson, G. S. and Fibiger, H. C.},
	year = {1992},
	date = {1992},
	journal = {Neuroscience},
	pages = {315--328},
	volume = {46},
	number = {2},
	doi = {10.1016/0306-4522(92)90054-6},
	note = {PMID: 1347406},
	langid = {eng}
}

@article{robertson1996,
	title = {Effects of olanzapine on regional C-Fos expression in rat forebrain},
	author = {Robertson, G. S. and Fibiger, H. C.},
	year = {1996},
	month = {02},
	date = {1996-02},
	journal = {Neuropsychopharmacology: Official Publication of the American College of Neuropsychopharmacology},
	pages = {105--110},
	volume = {14},
	number = {2},
	doi = {10.1016/0893-133X(95)00196-K},
	note = {PMID: 8822533},
	langid = {eng}
}

@article{robertson1994,
	title = {Induction patterns of Fos-like immunoreactivity in the forebrain as predictors of atypical antipsychotic activity},
	author = {Robertson, G. S. and Matsumura, H. and Fibiger, H. C.},
	year = {1994},
	month = {11},
	date = {1994-11},
	journal = {The Journal of Pharmacology and Experimental Therapeutics},
	pages = {1058--1066},
	volume = {271},
	number = {2},
	note = {PMID: 7965768},
	langid = {eng}
}

@article{brimblecombe2017,
	title = {The Striosome and Matrix Compartments of the Striatum: A Path through the Labyrinth from Neurochemistry toward Function},
	author = {Brimblecombe, Katherine R. and Cragg, Stephanie J.},
	year = {2017},
	month = {02},
	date = {2017-02-15},
	journal = {ACS chemical neuroscience},
	pages = {235--242},
	volume = {8},
	number = {2},
	doi = {10.1021/acschemneuro.6b00333},
	note = {PMID: 27977131},
	langid = {eng}
}

@article{bubser2002,
	title = {Differential effects of typical and atypical antipsychotic drugs on striosome and matrix compartments of the striatum: Atypical APDs and striatal compartments},
	author = {Bubser, Michael and Deutch, Ariel Y.},
	year = {2002},
	month = {02},
	date = {2002-02},
	journal = {European Journal of Neuroscience},
	pages = {713--720},
	volume = {15},
	number = {4},
	doi = {10.1046/j.1460-9568.2002.01903.x},
	url = {http://doi.wiley.com/10.1046/j.1460-9568.2002.01903.x},
	langid = {en}
}

@article{white1998,
	title = {Preferential localization of self-stimulation sites in striosomes/patches in the rat striatum},
	author = {White, Norman M. and Hiroi, Noboru},
	year = {1998},
	month = {05},
	date = {1998-05-26},
	journal = {Proceedings of the National Academy of Sciences},
	pages = {6486--6491},
	volume = {95},
	number = {11},
	doi = {10.1073/pnas.95.11.6486},
	url = {https://pnas.org/doi/full/10.1073/pnas.95.11.6486},
	langid = {en}
}

@article{herdegen2001,
	title = {AP-1 proteins in the adult brain: facts and fiction about effectors of neuroprotection and neurodegeneration},
	author = {Herdegen, Thomas and Waetzig, Vicki},
	year = {2001},
	month = {04},
	date = {2001-04-30},
	journal = {Oncogene},
	pages = {2424--2437},
	volume = {20},
	number = {19},
	doi = {10.1038/sj.onc.1204387},
	url = {https://www.nature.com/articles/1204387},
	langid = {en}
}

@article{maxwell2006,
	title = {The NR4A subgroup: immediate early response genes with pleiotropic physiological roles},
	author = {Maxwell, Megan A. and Muscat, George E. O.},
	year = {2006},
	date = {2006},
	journal = {Nuclear Receptor Signaling},
	pages = {e002},
	volume = {4},
	doi = {10.1621/nrs.04002},
	note = {PMID: 16604165
PMCID: PMC1402209},
	langid = {eng}
}

@article{camposmelo2013,
	title = {Nur transcription factors in stress and addiction},
	author = {Campos-Melo, Danae and Galleguillos, Danny and {Sánchez}, Natalia and Gysling, Katia and {Andrés}, {María E.}},
	year = {2013},
	date = {2013},
	journal = {Frontiers in Molecular Neuroscience},
	volume = {6},
	doi = {10.3389/fnmol.2013.00044},
	url = {http://journal.frontiersin.org/article/10.3389/fnmol.2013.00044/abstract}
}

@article{maheux2012,
	title = {Dopamine D2 Antagonist-Induced Striatal Nur77 Expression Requires Activation of mGlu5 Receptors by Cortical Afferents},
	author = {Maheux, {Jérôme} and St-Hilaire, Michel and Voyer, David and Tirotta, Emanuele and Borrelli, Emiliana and Rouillard, Claude and {Rompré}, Pierre-Paul and {Lévesque}, Daniel},
	year = {2012},
	date = {2012},
	journal = {Frontiers in Pharmacology},
	volume = {3},
	doi = {10.3389/fphar.2012.00153},
	url = {http://journal.frontiersin.org/article/10.3389/fphar.2012.00153/abstract}
}

@article{beaudry2000,
	title = {Contrasting patterns and cellular specificity of transcriptional regulation of the nuclear receptor nerve growth factor-inducible B by haloperidol and clozapine in the rat forebrain},
	author = {Beaudry, G. and Langlois, M. C. and Weppe, I. and Rouillard, C. and {Lévesque}, D.},
	year = {2000},
	month = {10},
	date = {2000-10},
	journal = {Journal of Neurochemistry},
	pages = {1694--1702},
	volume = {75},
	number = {4},
	doi = {10.1046/j.1471-4159.2000.0751694.x},
	note = {PMID: 10987852},
	langid = {eng}
}

@article{corley2016,
	title = {Transcriptomic Analysis Shows Decreased Cortical Expression of NR4A1, NR4A2 and RXRB in Schizophrenia and Provides Evidence for Nuclear Receptor Dysregulation},
	author = {Corley, Susan M. and Tsai, Shan-Yuan and Wilkins, Marc R. and Shannon Weickert, Cynthia},
	editor = {Hashimoto, Kenji},
	year = {2016},
	month = {12},
	date = {2016-12-16},
	journal = {PLOS ONE},
	pages = {e0166944},
	volume = {11},
	number = {12},
	doi = {10.1371/journal.pone.0166944},
	url = {https://dx.plos.org/10.1371/journal.pone.0166944},
	langid = {en}
}

@article{ethier2004,
	title = {The transcription factor NGFI-B (Nur77) and retinoids play a critical role in acute neuroleptic-induced extrapyramidal effect and striatal neuropeptide gene expression},
	author = {Ethier, Isabelle and Beaudry, {Geneviève} and St-Hilaire, Michel and Milbrandt, Jeff and Rouillard, Claude and {Lévesque}, Daniel},
	year = {2004},
	month = {02},
	date = {2004-02},
	journal = {Neuropsychopharmacology: Official Publication of the American College of Neuropsychopharmacology},
	pages = {335--346},
	volume = {29},
	number = {2},
	doi = {10.1038/sj.npp.1300318},
	note = {PMID: 14603264},
	langid = {eng}
}

@article{gilbert2006,
	title = {Nur77 gene knockout alters dopamine neuron biochemical activity and dopamine turnover},
	author = {Gilbert, {François} and Morissette, Marc and St-Hilaire, Michel and Paquet, Brigitte and Rouillard, Claude and Di Paolo, {Thérèse} and {Lévesque}, Daniel},
	year = {2006},
	month = {09},
	date = {2006-09-15},
	journal = {Biological Psychiatry},
	pages = {538--547},
	volume = {60},
	number = {6},
	doi = {10.1016/j.biopsych.2006.04.023},
	note = {PMID: 16893530
PMCID: PMC5148625},
	langid = {eng}
}

@article{tsai2017,
	title = {Nuclear Receptors and Neuroinflammation in Schizophrenia},
	author = {Tsai, Shan-Yuan and Catts, {Vibeke S.} and Fullerton, {Janice M.} and Corley, {Susan M.} and Fillman, {Stuart G.} and Weickert, {Cynthia Shannon}},
	year = {2017},
	date = {2017},
	journal = {Molecular Neuropsychiatry},
	pages = {181--191},
	volume = {3},
	number = {4},
	doi = {10.1159/000485565},
	url = {https://www.karger.com/Article/FullText/485565},
	langid = {en}
}

@article{ancín2013,
	title = {NR4A2: Effects of an {\textquotedblleft}Orphan{\textquotedblright} Receptor on Sustained Attention in a Schizophrenic Population},
	author = {{Ancín}, {Inés} and Cabranes, {José A.} and {Vázquez-Álvarez}, Blanca and Santos, {José Luis} and {Sánchez-Morla}, Eva and Alaerts, Maaike and Del-Favero, Jurgen and Barabash, Ana},
	year = {2013},
	month = {05},
	date = {2013-05},
	journal = {Schizophrenia Bulletin},
	pages = {555--563},
	volume = {39},
	number = {3},
	doi = {10.1093/schbul/sbr176},
	url = {https://academic.oup.com/schizophreniabulletin/article-lookup/doi/10.1093/schbul/sbr176},
	langid = {en}
}

@article{vuillermot2011,
	title = {Schizophrenia-relevant behaviors in a genetic mouse model of constitutive Nurr1 deficiency},
	author = {Vuillermot, S. and Joodmardi, E. and Perlmann, T. and {Ove Ögren}, S. and Feldon, J. and Meyer, U.},
	year = {2011},
	month = {07},
	date = {2011-07},
	journal = {Genes, Brain, and Behavior},
	pages = {589--603},
	volume = {10},
	number = {5},
	doi = {10.1111/j.1601-183X.2011.00698.x},
	note = {PMID: 21545404},
	langid = {eng}
}

@article{decressac2013,
	title = {NURR1 in Parkinson disease{\textemdash}from pathogenesis to therapeutic potential},
	author = {Decressac, Mickael and Volakakis, Nikolaos and {Björklund}, Anders and Perlmann, Thomas},
	year = {2013},
	month = {11},
	date = {2013-11},
	journal = {Nature Reviews Neurology},
	pages = {629--636},
	volume = {9},
	number = {11},
	doi = {10.1038/nrneurol.2013.209},
	url = {http://www.nature.com/articles/nrneurol.2013.209},
	langid = {en}
}

@article{baumgärtel2008,
	title = {Control of the establishment of aversive memory by calcineurin and Zif268},
	author = {{Baumgärtel}, Karsten and Genoux, David and Welzl, Hans and Tweedie-Cullen, Ry Y. and Koshibu, Kyoko and Livingstone-Zatchej, Magdalena and Mamie, {Céline} and Mansuy, Isabelle M.},
	year = {2008},
	month = {05},
	date = {2008-05},
	journal = {Nature Neuroscience},
	pages = {572--578},
	volume = {11},
	number = {5},
	doi = {10.1038/nn.2113},
	note = {PMID: 18425121},
	langid = {eng}
}

@article{kurian2011,
	title = {Identification of blood biomarkers for psychosis using convergent functional genomics},
	author = {Kurian, S. M. and Le-Niculescu, H. and Patel, S. D. and Bertram, D. and Davis, J. and Dike, C. and Yehyawi, N. and Lysaker, P. and Dustin, J. and Caligiuri, M. and Lohr, J. and Lahiri, D. K. and Nurnberger, J. I. and Faraone, S. V. and Geyer, M. A. and Tsuang, M. T. and Schork, N. J. and Salomon, D. R. and Niculescu, A. B.},
	year = {2011},
	month = {01},
	date = {2011-01},
	journal = {Molecular Psychiatry},
	pages = {37--58},
	volume = {16},
	number = {1},
	doi = {10.1038/mp.2009.117},
	note = {PMID: 19935739},
	langid = {eng}
}

@article{pérezsantiago2012,
	title = {A combined analysis of microarray gene expression studies of the human prefrontal cortex identifies genes implicated in schizophrenia},
	author = {{Pérez-Santiago}, {Josué} and Diez-Alarcia, Rebeca and Callado, Luis F. and Zhang, Jin X. and Chana, Gursharan and White, Cory H. and Glatt, Stephen J. and Tsuang, Ming T. and Everall, Ian P. and Meana, J. Javier and Woelk, Christopher H.},
	year = {2012},
	month = {11},
	date = {2012-11},
	journal = {Journal of Psychiatric Research},
	pages = {1464--1474},
	volume = {46},
	number = {11},
	doi = {10.1016/j.jpsychires.2012.08.005},
	note = {PMID: 22954356},
	langid = {eng}
}

@article{kimoto2014,
	title = {Lower expression of glutamic acid decarboxylase 67 in the prefrontal cortex in schizophrenia: contribution of altered regulation by Zif268},
	author = {Kimoto, Sohei and Bazmi, H. Holly and Lewis, David A.},
	year = {2014},
	month = {09},
	date = {2014-09},
	journal = {The American Journal of Psychiatry},
	pages = {969--978},
	volume = {171},
	number = {9},
	doi = {10.1176/appi.ajp.2014.14010004},
	note = {PMID: 24874453
PMCID: PMC4376371},
	langid = {eng}
}

@article{bruinsslot2009,
	title = {F15063, a potential antipsychotic with dopamine D(2)/D(3) receptor antagonist and 5-HT(1A) receptor agonist properties: influence on immediate-early gene expression in rat prefrontal cortex and striatum},
	author = {Bruins Slot, Liesbeth A. and Lestienne, Fabrice and Grevoz-Barret, Catherine and Newman-Tancredi, Adrian and Cussac, Didier},
	year = {2009},
	month = {10},
	date = {2009-10-12},
	journal = {European Journal of Pharmacology},
	pages = {27--35},
	volume = {620},
	number = {1-3},
	doi = {10.1016/j.ejphar.2009.08.019},
	note = {PMID: 19695244},
	langid = {eng}
}

@article{debartolomeis2015,
	title = {Progressive recruitment of cortical and striatal regions by inducible postsynaptic density transcripts after increasing doses of antipsychotics with different receptor profiles: insights for psychosis treatment},
	author = {de Bartolomeis, Andrea and Iasevoli, Felice and Marmo, Federica and Buonaguro, Elisabetta F. and Eramo, Anna and Rossi, Rodolfo and Avvisati, Livia and Latte, Gianmarco and Tomasetti, Carmine},
	year = {2015},
	month = {04},
	date = {2015-04},
	journal = {European Neuropsychopharmacology: The Journal of the European College of Neuropsychopharmacology},
	pages = {566--582},
	volume = {25},
	number = {4},
	doi = {10.1016/j.euroneuro.2015.01.003},
	note = {PMID: 25649681},
	langid = {eng}
}

@article{covington2010,
	title = {Antidepressant effect of optogenetic stimulation of the medial prefrontal cortex},
	author = {Covington, Herbert E. and Lobo, Mary Kay and Maze, Ian and Vialou, Vincent and Hyman, James M. and Zaman, Samir and LaPlant, Quincey and Mouzon, Ezekiel and Ghose, Subroto and Tamminga, Carol A. and Neve, Rachael L. and Deisseroth, Karl and Nestler, Eric J.},
	year = {2010},
	month = {12},
	date = {2010-12-01},
	journal = {The Journal of Neuroscience: The Official Journal of the Society for Neuroscience},
	pages = {16082--16090},
	volume = {30},
	number = {48},
	doi = {10.1523/JNEUROSCI.1731-10.2010},
	note = {PMID: 21123555
PMCID: PMC3004756},
	langid = {eng}
}

@article{revest2005,
	title = {The MAPK pathway and Egr-1 mediate stress-related behavioral effects of glucocorticoids},
	author = {Revest, Jean-Michel and Di Blasi, Francesco and Kitchener, Pierre and {Rougé-Pont}, {Françoise} and Desmedt, Aline and Turiault, Marc and Tronche, {François} and Piazza, Pier Vincenzo},
	year = {2005},
	month = {05},
	date = {2005-05-01},
	journal = {Nature Neuroscience},
	pages = {664--672},
	volume = {8},
	number = {5},
	doi = {10.1038/nn1441},
	url = {http://www.nature.com/articles/nn1441},
	langid = {en}
}

@article{zhang2010,
	title = {Maternal care and DNA methylation of a glutamic acid decarboxylase 1 promoter in rat hippocampus},
	author = {Zhang, Tie-Yuan and Hellstrom, Ian C. and Bagot, Rosemary C. and Wen, Xianglan and Diorio, Josie and Meaney, Michael J.},
	year = {2010},
	month = {09},
	date = {2010-09-29},
	journal = {The Journal of Neuroscience: The Official Journal of the Society for Neuroscience},
	pages = {13130--13137},
	volume = {30},
	number = {39},
	doi = {10.1523/JNEUROSCI.1039-10.2010},
	note = {PMID: 20881131
PMCID: PMC6633524},
	langid = {eng}
}

@article{duclot2017,
	title = {The Role of Early Growth Response 1 (EGR1) in Brain Plasticity and Neuropsychiatric Disorders},
	author = {Duclot, Florian and Kabbaj, Mohamed},
	year = {2017},
	date = {2017},
	journal = {Frontiers in Behavioral Neuroscience},
	pages = {35},
	volume = {11},
	doi = {10.3389/fnbeh.2017.00035},
	note = {PMID: 28321184
PMCID: PMC5337695},
	langid = {eng}
}

@article{shiraishiyamaguchi2007,
	title = {The Homer family proteins},
	author = {Shiraishi-Yamaguchi, Yoko and Furuichi, Teiichi},
	year = {2007},
	date = {2007},
	journal = {Genome Biology},
	pages = {206},
	volume = {8},
	number = {2},
	doi = {10.1186/gb-2007-8-2-206},
	note = {PMID: 17316461
PMCID: PMC1852408},
	langid = {eng}
}

@article{yoon2021,
	title = {Homer1 promotes dendritic spine growth through ankyrin-G and its loss reshapes the synaptic proteome},
	author = {Yoon, Sehyoun and Piguel, Nicolas H. and Khalatyan, Natalia and Dionisio, Leonardo E. and Savas, Jeffrey N. and Penzes, Peter},
	year = {2021},
	month = {06},
	date = {2021-06},
	journal = {Molecular Psychiatry},
	pages = {1775--1789},
	volume = {26},
	number = {6},
	doi = {10.1038/s41380-020-00991-1},
	url = {https://www.nature.com/articles/s41380-020-00991-1},
	langid = {en}
}

@article{clifton2019,
	title = {Regulation and Function of Activity-Dependent Homer in Synaptic Plasticity},
	author = {Clifton, {Nicholas E.} and Trent, Simon and Thomas, {Kerrie L.} and Hall, Jeremy},
	year = {2019},
	date = {2019},
	journal = {Molecular Neuropsychiatry},
	pages = {147--161},
	volume = {5},
	number = {3},
	doi = {10.1159/000500267},
	url = {https://www.karger.com/Article/FullText/500267},
	langid = {en}
}

@article{spellmann2011,
	title = {Homer-1 polymorphisms are associated with psychopathology and response to treatment in schizophrenic patients},
	author = {Spellmann, Ilja and Rujescu, Dan and Musil, Richard and Mayr, Andreas and Giegling, Ina and Genius, Just and Zill, Peter and Dehning, Sandra and Opgen-Rhein, Markus and Cerovecki, Anja and Hartmann, Annette M. and {Schäfer}, Martin and Bondy, Brigitta and {Müller}, Norbert and {Möller}, {Hans-Jürgen} and Riedel, Michael},
	year = {2011},
	month = {02},
	date = {2011-02},
	journal = {Journal of Psychiatric Research},
	pages = {234--241},
	volume = {45},
	number = {2},
	doi = {10.1016/j.jpsychires.2010.06.004},
	note = {PMID: 20598711},
	langid = {eng}
}

@article{ghasemzadeh2009,
	title = {Cocaine activates Homer1 immediate early gene transcription in the mesocorticolimbic circuit: differential regulation by dopamine and glutamate signaling},
	author = {Ghasemzadeh, M. Behnam and Windham, Lindsay K. and Lake, Russell W. and Acker, Christopher J. and Kalivas, Peter W.},
	year = {2009},
	month = {01},
	date = {2009-01},
	journal = {Synapse (New York, N.Y.)},
	pages = {42--53},
	volume = {63},
	number = {1},
	doi = {10.1002/syn.20577},
	note = {PMID: 18932227
PMCID: PMC4000161},
	langid = {eng}
}

@article{debartolomeis2013,
	title = {Different effects of the NMDA receptor antagonists ketamine, MK-801, and memantine on postsynaptic density transcripts and their topography: role of Homer signaling, and implications for novel antipsychotic and pro-cognitive targets in psychosis},
	author = {de Bartolomeis, Andrea and Sarappa, Chiara and Buonaguro, Elisabetta F. and Marmo, Federica and Eramo, Anna and Tomasetti, Carmine and Iasevoli, Felice},
	year = {2013},
	month = {10},
	date = {2013-10-01},
	journal = {Progress in Neuro-Psychopharmacology & Biological Psychiatry},
	pages = {1--12},
	volume = {46},
	doi = {10.1016/j.pnpbp.2013.06.010},
	note = {PMID: 23800465},
	langid = {eng}
}

@article{matosin2016,
	title = {Molecular evidence of synaptic pathology in the CA1 region in schizophrenia},
	author = {Matosin, Natalie and Fernandez-Enright, Francesca and Lum, Jeremy S. and Engel, Martin and Andrews, Jessica L. and Gassen, Nils C. and Wagner, Klaus V. and Schmidt, Mathias V. and Newell, Kelly A.},
	year = {2016},
	date = {2016},
	journal = {NPJ schizophrenia},
	pages = {16022},
	volume = {2},
	doi = {10.1038/npjschz.2016.22},
	note = {PMID: 27430010
PMCID: PMC4944906},
	langid = {eng}
}

@article{sidorov2013,
	title = {Fragile X mental retardation protein and synaptic plasticity},
	author = {Sidorov, Michael S and Auerbach, Benjamin D and Bear, Mark F},
	year = {2013},
	month = {12},
	date = {2013-12},
	journal = {Molecular Brain},
	pages = {15},
	volume = {6},
	number = {1},
	doi = {10.1186/1756-6606-6-15},
	url = {https://molecularbrain.biomedcentral.com/articles/10.1186/1756-6606-6-15},
	langid = {en}
}

@article{managò2017,
	title = {Schizophrenia: What's Arc Got to Do with It?},
	author = {{Managò}, Francesca and Papaleo, Francesco},
	year = {2017},
	date = {2017},
	journal = {Frontiers in Behavioral Neuroscience},
	pages = {181},
	volume = {11},
	doi = {10.3389/fnbeh.2017.00181},
	note = {PMID: 28979198
PMCID: PMC5611489},
	langid = {eng}
}

@article{gao2019,
	title = {Disturbed Prefrontal Cortex Activity in the Absence of Schizophrenia-Like Behavioral Dysfunction in {\emph{Arc/Arg3.1}} Deficient Mice},
	author = {Gao, Xiaoyan and Grendel, Jasper and Muhia, Mary and Castro-Gomez, Sergio and {Süsens}, Ute and Isbrandt, Dirk and Kneussel, Matthias and Kuhl, Dietmar and Ohana, Ora},
	year = {2019},
	month = {10},
	date = {2019-10-09},
	journal = {The Journal of Neuroscience},
	pages = {8149--8163},
	volume = {39},
	number = {41},
	doi = {10.1523/JNEUROSCI.0623-19.2019},
	url = {https://www.jneurosci.org/lookup/doi/10.1523/JNEUROSCI.0623-19.2019},
	langid = {en}
}

@article{fernández2013,
	title = {The FMRP regulon: from targets to disease convergence},
	author = {{Fernández}, Esperanza and Rajan, Nicholas and Bagni, Claudia},
	year = {2013},
	month = {10},
	date = {2013-10-24},
	journal = {Frontiers in Neuroscience},
	pages = {191},
	volume = {7},
	doi = {10.3389/fnins.2013.00191},
	note = {PMID: 24167470
PMCID: PMC3807044},
	langid = {eng}
}

@article{clifton2021,
	title = {Genetic association of FMRP targets with psychiatric disorders},
	author = {Clifton, Nicholas E. and Rees, Elliott and Holmans, Peter A. and {Pardiñas}, Antonio F. and Harwood, Janet C. and Di Florio, Arianna and Kirov, George and Walters, James T. R. and {O{\textquoteright}Donovan}, Michael C. and Owen, Michael J. and Hall, Jeremy and Pocklington, Andrew J.},
	year = {2021},
	month = {07},
	date = {2021-07},
	journal = {Molecular Psychiatry},
	pages = {2977--2990},
	volume = {26},
	number = {7},
	doi = {10.1038/s41380-020-00912-2},
	url = {https://www.nature.com/articles/s41380-020-00912-2},
	langid = {en}
}

@article{clifton2020,
	title = {FMRP and CYFIP1 at the Synapse and Their Role in Psychiatric Vulnerability},
	author = {Clifton, Nicholas E. and Thomas, Kerrie L. and Wilkinson, Lawrence S. and Hall, Jeremy and Trent, Simon},
	year = {2020},
	date = {2020},
	journal = {Complex Psychiatry},
	pages = {5--19},
	volume = {6},
	number = {1-2},
	doi = {10.1159/000506858},
	url = {https://www.karger.com/Article/FullText/506858},
	langid = {en}
}

@article{fromer2014,
	title = {De novo mutations in schizophrenia implicate synaptic networks},
	author = {Fromer, Menachem and Pocklington, Andrew J. and Kavanagh, David H. and Williams, Hywel J. and Dwyer, Sarah and Gormley, Padhraig and Georgieva, Lyudmila and Rees, Elliott and Palta, Priit and Ruderfer, Douglas M. and Carrera, Noa and Humphreys, Isla and Johnson, Jessica S. and Roussos, Panos and Barker, Douglas D. and Banks, Eric and Milanova, Vihra and Grant, Seth G. and Hannon, Eilis and Rose, Samuel A. and Chambert, Kimberly and Mahajan, Milind and Scolnick, Edward M. and Moran, Jennifer L. and Kirov, George and Palotie, Aarno and McCarroll, Steven A. and Holmans, Peter and Sklar, Pamela and Owen, Michael J. and Purcell, Shaun M. and {O'Donovan}, Michael C.},
	year = {2014},
	month = {02},
	date = {2014-02-13},
	journal = {Nature},
	pages = {179--184},
	volume = {506},
	number = {7487},
	doi = {10.1038/nature12929},
	note = {PMID: 24463507
PMCID: PMC4237002},
	langid = {eng}
}

@article{purcell2014,
	title = {A polygenic burden of rare disruptive mutations in schizophrenia},
	author = {Purcell, Shaun M. and Moran, Jennifer L. and Fromer, Menachem and Ruderfer, Douglas and Solovieff, Nadia and Roussos, Panos and {O'Dushlaine}, Colm and Chambert, Kimberly and Bergen, Sarah E. and {Kähler}, Anna and Duncan, Laramie and Stahl, Eli and Genovese, Giulio and {Fernández}, Esperanza and Collins, Mark O. and Komiyama, Noboru H. and Choudhary, Jyoti S. and Magnusson, Patrik K. E. and Banks, Eric and Shakir, Khalid and Garimella, Kiran and Fennell, Tim and DePristo, Mark and Grant, Seth G. N. and Haggarty, Stephen J. and Gabriel, Stacey and Scolnick, Edward M. and Lander, Eric S. and Hultman, Christina M. and Sullivan, Patrick F. and McCarroll, Steven A. and Sklar, Pamela},
	year = {2014},
	month = {02},
	date = {2014-02-13},
	journal = {Nature},
	pages = {185--190},
	volume = {506},
	number = {7487},
	doi = {10.1038/nature12975},
	note = {PMID: 24463508
PMCID: PMC4136494},
	langid = {eng}
}

@article{guillozetbongaarts2014,
	title = {Altered gene expression in the dorsolateral prefrontal cortex of individuals with schizophrenia},
	author = {Guillozet-Bongaarts, A. L. and Hyde, T. M. and Dalley, R. A. and Hawrylycz, M. J. and Henry, A. and Hof, P. R. and Hohmann, J. and Jones, A. R. and Kuan, C. L. and Royall, J. and Shen, E. and Swanson, B. and Zeng, H. and Kleinman, J. E.},
	year = {2014},
	month = {04},
	date = {2014-04},
	journal = {Molecular Psychiatry},
	pages = {478--485},
	volume = {19},
	number = {4},
	doi = {10.1038/mp.2013.30},
	note = {PMID: 23528911
PMCID: PMC3965839},
	langid = {eng}
}

@article{huentelman2015,
	title = {Association of SNPs in EGR3 and ARC with Schizophrenia Supports a Biological Pathway for Schizophrenia Risk},
	author = {Huentelman, Matthew J. and Muppana, Leela and Corneveaux, Jason J. and Dinu, Valentin and Pruzin, Jeremy J. and Reiman, Rebecca and Borish, Cassie N. and De Both, Matt and Ahmed, Amber and Todorov, Alexandre and Cloninger, C. Robert and Zhang, Rui and Ma, Jie and Gallitano, Amelia L.},
	year = {2015},
	date = {2015},
	journal = {PloS One},
	pages = {e0135076},
	volume = {10},
	number = {10},
	doi = {10.1371/journal.pone.0135076},
	note = {PMID: 26474411
PMCID: PMC4608790},
	langid = {eng}
}

@article{choi2009,
	title = {Effects of typical and atypical antipsychotic drugs on gene expression profiles in the liver of schizophrenia subjects},
	author = {Choi, Kwang H and Higgs, Brandon W and Weis, Serge and Song, Jonathan and Llenos, Ida C and Dulay, Jeannette R and Yolken, Robert H and Webster, Maree J},
	year = {2009},
	month = {12},
	date = {2009-12},
	journal = {BMC Psychiatry},
	pages = {57},
	volume = {9},
	number = {1},
	doi = {10.1186/1471-244X-9-57},
	url = {https://bmcpsychiatry.biomedcentral.com/articles/10.1186/1471-244X-9-57},
	langid = {en}
}

@article{roussos2012,
	title = {A System-Level Transcriptomic Analysis of Schizophrenia Using Postmortem Brain Tissue Samples},
	author = {Roussos, Panos and Katsel, Pavel and Davis, Kenneth L. and Siever, Larry J. and Haroutunian, Vahram},
	year = {2012},
	month = {12},
	date = {2012-12-01},
	journal = {Archives of General Psychiatry},
	pages = {1205},
	volume = {69},
	number = {12},
	doi = {10.1001/archgenpsychiatry.2012.704},
	url = {http://archpsyc.jamanetwork.com/article.aspx?doi=10.1001/archgenpsychiatry.2012.704},
	langid = {en}
}

@article{lee2017,
	title = {Analysis of differential gene expression mediated by clozapine in human postmortem brains},
	author = {Lee, Brian J. and Marchionni, Luigi and Andrews, Carrie E. and Norris, Alexis L. and Nucifora, Leslie G. and Wu, Yeewen Candace and Wright, Robert A. and Pevsner, Jonathan and Ross, Christopher A. and Margolis, Russell L. and Sawa, Akira and Nucifora, Frederick C.},
	year = {2017},
	month = {07},
	date = {2017-07},
	journal = {Schizophrenia Research},
	pages = {58--66},
	volume = {185},
	doi = {10.1016/j.schres.2016.12.017},
	note = {PMID: 28038920
PMCID: PMC6541388},
	langid = {eng}
}

@article{jia2017,
	title = {SZGR 2.0: a one-stop shop of schizophrenia candidate genes},
	author = {Jia, Peilin and Han, Guangchun and Zhao, Junfei and Lu, Pinyi and Zhao, Zhongming},
	year = {2017},
	month = {01},
	date = {2017-01-04},
	journal = {Nucleic Acids Research},
	pages = {D915--D924},
	volume = {45},
	number = {D1},
	doi = {10.1093/nar/gkw902},
	url = {https://academic.oup.com/nar/article-lookup/doi/10.1093/nar/gkw902},
	langid = {en}
}

@article{ruderfer2016,
	title = {Polygenic overlap between schizophrenia risk and antipsychotic response: a genomic medicine approach},
	author = {Ruderfer, Douglas M. and Charney, Alexander W. and Readhead, Ben and Kidd, Brian A. and {Kähler}, Anna K. and Kenny, Paul J. and Keiser, Michael J. and Moran, Jennifer L. and Hultman, Christina M. and Scott, Stuart A. and Sullivan, Patrick F. and Purcell, Shaun M. and Dudley, Joel T. and Sklar, Pamela},
	year = {2016},
	month = {04},
	date = {2016-04},
	journal = {The Lancet. Psychiatry},
	pages = {350--357},
	volume = {3},
	number = {4},
	doi = {10.1016/S2215-0366(15)00553-2},
	note = {PMID: 26915512
PMCID: PMC4982509},
	langid = {eng}
}

@article{wagh2021,
	title = {Peripheral Blood-Based Gene Expression Studies in Schizophrenia: A Systematic Review},
	author = {Wagh, Vipul Vilas and Vyas, Parin and Agrawal, Suchita and Pachpor, Tejaswini A. and Paralikar, Vasudeo and Khare, Satyajeet P.},
	year = {2021},
	month = {10},
	date = {2021-10-13},
	journal = {Frontiers in Genetics},
	pages = {736483},
	volume = {12},
	doi = {10.3389/fgene.2021.736483},
	url = {https://www.frontiersin.org/articles/10.3389/fgene.2021.736483/full}
}

@article{thiselton2008,
	title = {AKT1 is associated with schizophrenia across multiple symptom dimensions in the Irish study of high density schizophrenia families},
	author = {Thiselton, Dawn L. and Vladimirov, Vladimir I. and Kuo, Po-Hsiu and McClay, Joseph and Wormley, Brandon and Fanous, Ayman and {O'Neill}, Francis A. and Walsh, Dermot and Van den Oord, Edwin J. C. G. and Kendler, Kenneth S. and Riley, Brien P.},
	year = {2008},
	month = {03},
	date = {2008-03-01},
	journal = {Biological Psychiatry},
	pages = {449--457},
	volume = {63},
	number = {5},
	doi = {10.1016/j.biopsych.2007.06.005},
	note = {PMID: 17825267
PMCID: PMC2441648},
	langid = {eng}
}

@article{ma2018,
	title = {Association on DISC1 SNPs with schizophrenia risk: A meta-analysis},
	author = {Ma, Jia-Hui and Sun, Xiao-Yu and Guo, Tong-Jun and Barot, Emily and Wang, Dong-Fang and Yan, Lai-Lai and Ni, Da-Wei and Huang, Ning-Hua and Xie, Qing and Zeng, Jing and Ou-Yang, Li and Liu, Ya-Qiong and Lu, Qing-Bin},
	year = {2018},
	month = {12},
	date = {2018-12},
	journal = {Psychiatry Research},
	pages = {306--309},
	volume = {270},
	doi = {10.1016/j.psychres.2018.09.056},
	note = {PMID: 30286368},
	langid = {eng}
}

@article{kumarasinghe2013,
	title = {Gene expression profiling in treatment-naive schizophrenia patients identifies abnormalities in biological pathways involving AKT1 that are corrected by antipsychotic medication},
	author = {Kumarasinghe, Nishantha and Beveridge, Natalie J. and Gardiner, Erin and Scott, Rodney J. and Yasawardene, Surangi and Perera, Antoinette and Mendis, Jayan and Suriyakumara, Kanishka and Schall, Ulrich and Tooney, Paul A.},
	year = {2013},
	month = {08},
	date = {2013-08-01},
	journal = {International Journal of Neuropsychopharmacology},
	pages = {1483--1503},
	volume = {16},
	number = {7},
	doi = {10.1017/S1461145713000035},
	url = {https://academic.oup.com/ijnp/article/16/7/1483/712477},
	langid = {en}
}

@article{rampino2019,
	title = {Antipsychotic Drug Responsiveness and Dopamine Receptor Signaling; Old Players and New Prospects},
	author = {Rampino, Antonio and Marakhovskaia, Aleksandra and Soares-Silva, Tiago and Torretta, Silvia and Veneziani, Federica and Beaulieu, Jean Martin},
	year = {2019},
	month = {01},
	date = {2019-01-09},
	journal = {Frontiers in Psychiatry},
	pages = {702},
	volume = {9},
	doi = {10.3389/fpsyt.2018.00702},
	url = {https://www.frontiersin.org/article/10.3389/fpsyt.2018.00702/full}
}

@article{harrison2016,
	title = {Gene-expression analysis of clozapine treatment in whole blood of patients with psychosis},
	author = {Harrison, Rebecca N. S. and Murray, Robin M. and Lee, Sang Hyuck and Paya Cano, Jose and Dempster, David and Curtis, Charles J. and Dima, Danai and Gaughran, Fiona and Breen, Gerome and de Jong, Simone},
	year = {2016},
	month = {10},
	date = {2016-10},
	journal = {Psychiatric Genetics},
	pages = {211--217},
	volume = {26},
	number = {5},
	doi = {10.1097/YPG.0000000000000140},
	note = {PMID: 27315048
PMCID: PMC5010277},
	langid = {eng}
}

@article{rizig2012,
	title = {A gene expression and systems pathway analysis of the effects of clozapine compared to haloperidol in the mouse brain implicates susceptibility genes for schizophrenia},
	author = {Rizig, Mie A and McQuillin, Andrew and Ng, Aylwin and Robinson, Michelle and Harrison, Andrew and Zvelebil, Marketa and Hunt, Steve P and Gurling, Hugh M},
	year = {2012},
	month = {09},
	date = {2012-09},
	journal = {Journal of Psychopharmacology},
	pages = {1218--1230},
	volume = {26},
	number = {9},
	doi = {10.1177/0269881112450780},
	url = {http://journals.sagepub.com/doi/10.1177/0269881112450780},
	langid = {en}
}

@article{li2018,
	title = {Genetic predictors of antipsychotic response to lurasidone identified in a genome wide association study and by schizophrenia risk genes},
	author = {Li, Jiang and Yoshikawa, Akane and Brennan, Mark D. and Ramsey, Timothy L. and Meltzer, Herbert Y.},
	year = {2018},
	month = {02},
	date = {2018-02},
	journal = {Schizophrenia Research},
	pages = {194--204},
	volume = {192},
	doi = {10.1016/j.schres.2017.04.009},
	note = {PMID: 28431800},
	langid = {eng}
}

@article{sun2012,
	title = {Network-assisted investigation of antipsychotic drugs and their targets},
	author = {Sun, Jingchun and Xu, Hua and Zhao, Zhongming},
	year = {2012},
	month = {05},
	date = {2012-05},
	journal = {Chemistry & Biodiversity},
	pages = {900--910},
	volume = {9},
	number = {5},
	doi = {10.1002/cbdv.201100356},
	note = {PMID: 22589091},
	langid = {eng}
}

@article{mas2015,
	title = {Network analysis of gene expression in peripheral blood identifies mTOR and NF-κB pathways involved in antipsychotic-induced extrapyramidal symptoms},
	author = {Mas, S and {Gassó}, P and Parellada, E and Bernardo, M and Lafuente, A},
	year = {2015},
	month = {10},
	date = {2015-10},
	journal = {The Pharmacogenomics Journal},
	pages = {452--460},
	volume = {15},
	number = {5},
	doi = {10.1038/tpj.2014.84},
	url = {https://www.nature.com/articles/tpj201484},
	langid = {en}
}

@article{mcmahon2016,
	title = {Genetic association studies in psychiatry: time for pay-off},
	author = {McMahon, Francis J.},
	year = {2016},
	month = {04},
	date = {2016-04},
	journal = {The Lancet. Psychiatry},
	pages = {309--310},
	volume = {3},
	number = {4},
	doi = {10.1016/S2215-0366(16)00016-X},
	note = {PMID: 26915513
PMCID: PMC5206806},
	langid = {eng}
}

@article{guan2022,
	title = {Integrative omics of schizophrenia: from genetic determinants to clinical classification and risk prediction},
	author = {Guan, Fanglin and Ni, Tong and Zhu, Weili and Williams, L. Keoki and Cui, Long-Biao and Li, Ming and Tubbs, Justin and Sham, Pak-Chung and Gui, Hongsheng},
	year = {2022},
	month = {01},
	date = {2022-01},
	journal = {Molecular Psychiatry},
	pages = {113--126},
	volume = {27},
	number = {1},
	doi = {10.1038/s41380-021-01201-2},
	url = {https://www.nature.com/articles/s41380-021-01201-2},
	langid = {en}
}

@article{kauppi2018,
	title = {Revisiting Antipsychotic Drug Actions Through Gene Networks Associated With Schizophrenia},
	author = {Kauppi, Karolina and Rosenthal, Sara Brin and Lo, Min-Tzu and Sanyal, Nilotpal and Jiang, Mian and Abagyan, Ruben and McEvoy, Linda K. and Andreassen, Ole A. and Chen, Chi-Hua},
	year = {2018},
	month = {07},
	date = {2018-07-01},
	journal = {The American Journal of Psychiatry},
	pages = {674--682},
	volume = {175},
	number = {7},
	doi = {10.1176/appi.ajp.2017.17040410},
	note = {PMID: 29495895
PMCID: PMC6028303},
	langid = {eng}
}

@article{subramanian2017,
	title = {A Next Generation Connectivity Map: L1000 Platform and the First 1,000,000 Profiles},
	author = {Subramanian, Aravind and Narayan, Rajiv and Corsello, Steven M. and Peck, David D. and Natoli, Ted E. and Lu, Xiaodong and Gould, Joshua and Davis, John F. and Tubelli, Andrew A. and Asiedu, Jacob K. and Lahr, David L. and Hirschman, Jodi E. and Liu, Zihan and Donahue, Melanie and Julian, Bina and Khan, Mariya and Wadden, David and Smith, Ian C. and Lam, Daniel and Liberzon, Arthur and Toder, Courtney and Bagul, Mukta and Orzechowski, Marek and Enache, Oana M. and Piccioni, Federica and Johnson, Sarah A. and Lyons, Nicholas J. and Berger, Alice H. and Shamji, Alykhan F. and Brooks, Angela N. and Vrcic, Anita and Flynn, Corey and Rosains, Jacqueline and Takeda, David Y. and Hu, Roger and Davison, Desiree and Lamb, Justin and Ardlie, Kristin and Hogstrom, Larson and Greenside, Peyton and Gray, Nathanael S. and Clemons, Paul A. and Silver, Serena and Wu, Xiaoyun and Zhao, Wen-Ning and Read-Button, Willis and Wu, Xiaohua and Haggarty, Stephen J. and Ronco, Lucienne V. and Boehm, Jesse S. and Schreiber, Stuart L. and Doench, John G. and Bittker, Joshua A. and Root, David E. and Wong, Bang and Golub, Todd R.},
	year = {2017},
	month = {11},
	date = {2017-11-30},
	journal = {Cell},
	pages = {1437--1452.e17},
	volume = {171},
	number = {6},
	doi = {10.1016/j.cell.2017.10.049},
	note = {PMID: 29195078
PMCID: PMC5990023},
	langid = {eng}
}

@article{lau2020,
	title = {Turning genome-wide association study findings into opportunities for drug repositioning},
	author = {Lau, Alexandria and So, Hon-Cheong},
	year = {2020},
	date = {2020},
	journal = {Computational and Structural Biotechnology Journal},
	pages = {1639--1650},
	volume = {18},
	doi = {10.1016/j.csbj.2020.06.015},
	note = {PMID: 32670504
PMCID: PMC7334463},
	langid = {eng}
}

@article{turrigiano2008,
	title = {The self-tuning neuron: synaptic scaling of excitatory synapses},
	author = {Turrigiano, Gina G.},
	year = {2008},
	month = {10},
	date = {2008-10-31},
	journal = {Cell},
	pages = {422--435},
	volume = {135},
	number = {3},
	doi = {10.1016/j.cell.2008.10.008},
	note = {PMID: 18984155
PMCID: PMC2834419},
	langid = {eng}
}
