
@article{muldoon2013,
	title = {Immunologic privilege in the central nervous system and the blood-brain barrier},
	author = {Muldoon, Leslie L. and Alvarez, Jorge I. and Begley, David J. and Boado, Ruben J. and Del Zoppo, Gregory J. and Doolittle, Nancy D. and Engelhardt, Britta and Hallenbeck, John M. and Lonser, Russell R. and Ohlfest, John R. and Prat, Alexandre and Scarpa, Maurizio and Smeyne, Richard J. and Drewes, Lester R. and Neuwelt, Edward A.},
	year = {2013},
	month = {01},
	date = {2013-01},
	journal = {Journal of Cerebral Blood Flow and Metabolism: Official Journal of the International Society of Cerebral Blood Flow and Metabolism},
	pages = {13--21},
	volume = {33},
	number = {1},
	doi = {10.1038/jcbfm.2012.153},
	note = {PMID: 23072749
PMCID: PMC3597357},
	langid = {eng}
}

@article{shabab2017,
	title = {Neuroinflammation pathways: a general review},
	author = {Shabab, Tara and Khanabdali, Ramin and Moghadamtousi, Soheil Zorofchian and Kadir, Habsah Abdul and Mohan, Gokula},
	year = {2017},
	month = {07},
	date = {2017-07-03},
	journal = {International Journal of Neuroscience},
	pages = {624--633},
	volume = {127},
	number = {7},
	doi = {10.1080/00207454.2016.1212854},
	url = {https://www.tandfonline.com/doi/full/10.1080/00207454.2016.1212854},
	langid = {en}
}

@article{wysscoray2002,
	title = {Inflammation in neurodegenerative disease--a double-edged sword},
	author = {Wyss-Coray, Tony and Mucke, Lennart},
	year = {2002},
	month = {08},
	date = {2002-08-01},
	journal = {Neuron},
	pages = {419--432},
	volume = {35},
	number = {3},
	doi = {10.1016/s0896-6273(02)00794-8},
	note = {PMID: 12165466},
	langid = {eng}
}

@article{ransohoff2015,
	title = {Neuroinflammation: Ways in Which the Immune System Affects the Brain},
	author = {Ransohoff, Richard M. and Schafer, Dorothy and Vincent, Angela and {Blachère}, Nathalie E. and Bar-Or, Amit},
	year = {2015},
	month = {10},
	date = {2015-10},
	journal = {Neurotherapeutics: The Journal of the American Society for Experimental NeuroTherapeutics},
	pages = {896--909},
	volume = {12},
	number = {4},
	doi = {10.1007/s13311-015-0385-3},
	note = {PMID: 26306439
PMCID: PMC4604183},
	langid = {eng}
}

@article{kwon2020,
	title = {Neuroinflammation in neurodegenerative disorders: the roles of microglia and astrocytes},
	author = {Kwon, Hyuk Sung and Koh, Seong-Ho},
	year = {2020},
	month = {12},
	date = {2020-12},
	journal = {Translational Neurodegeneration},
	pages = {42},
	volume = {9},
	number = {1},
	doi = {10.1186/s40035-020-00221-2},
	url = {https://translationalneurodegeneration.biomedcentral.com/articles/10.1186/s40035-020-00221-2},
	langid = {en}
}

@article{troubat2021,
	title = {Neuroinflammation and depression: A review},
	author = {Troubat, Romain and Barone, Pascal and Leman, Samuel and Desmidt, Thomas and Cressant, Arnaud and Atanasova, Boriana and Brizard, Bruno and El Hage, Wissam and Surget, Alexandre and Belzung, Catherine and Camus, Vincent},
	year = {2021},
	month = {01},
	date = {2021-01},
	journal = {The European Journal of Neuroscience},
	pages = {151--171},
	volume = {53},
	number = {1},
	doi = {10.1111/ejn.14720},
	note = {PMID: 32150310},
	langid = {eng}
}

@article{buckley2019,
	title = {Neuroinflammation and Schizophrenia},
	author = {Buckley, Peter F.},
	year = {2019},
	month = {08},
	date = {2019-08},
	journal = {Current Psychiatry Reports},
	pages = {72},
	volume = {21},
	number = {8},
	doi = {10.1007/s11920-019-1050-z},
	url = {http://link.springer.com/10.1007/s11920-019-1050-z},
	langid = {en}
}

@article{kealy2020,
	title = {Blood-brain barrier regulation in psychiatric disorders},
	author = {Kealy, John and Greene, Chris and Campbell, Matthew},
	year = {2020},
	month = {05},
	date = {2020-05-01},
	journal = {Neuroscience Letters},
	pages = {133664},
	volume = {726},
	doi = {10.1016/j.neulet.2018.06.033},
	note = {PMID: 29966749},
	langid = {eng}
}

@article{tronel2017,
	title = {Molecular Targets for PET Imaging of Activated Microglia: The Current Situation and Future Expectations},
	author = {Tronel, Claire and Largeau, {Bérenger} and Santiago Ribeiro, Maria Joao and Guilloteau, Denis and Dupont, Anne-Claire and Arlicot, Nicolas},
	year = {2017},
	month = {04},
	date = {2017-04-11},
	journal = {International Journal of Molecular Sciences},
	pages = {E802},
	volume = {18},
	number = {4},
	doi = {10.3390/ijms18040802},
	note = {PMID: 28398245
PMCID: PMC5412386},
	langid = {eng}
}

@article{depicker2017,
	title = {Microglia and Brain Plasticity in Acute Psychosis and Schizophrenia Illness Course: A Meta-Review},
	author = {De Picker, Livia J. and Morrens, Manuel and Chance, Steven A. and Boche, Delphine},
	year = {2017},
	month = {11},
	date = {2017-11-16},
	journal = {Frontiers in Psychiatry},
	pages = {238},
	volume = {8},
	doi = {10.3389/fpsyt.2017.00238},
	url = {http://journal.frontiersin.org/article/10.3389/fpsyt.2017.00238/full}
}

@article{schuitemaker2012,
	title = {Microglial activation in healthy aging},
	author = {Schuitemaker, Alie and van der Doef, Thalia F. and Boellaard, Ronald and van der Flier, Wiesje M. and Yaqub, Maqsood and Windhorst, Albert D. and Barkhof, Frederik and Jonker, Cees and Kloet, Reina W. and Lammertsma, Adriaan A. and Scheltens, Philip and van Berckel, Bart N. M.},
	year = {2012},
	month = {06},
	date = {2012-06},
	journal = {Neurobiology of Aging},
	pages = {1067--1072},
	volume = {33},
	number = {6},
	doi = {10.1016/j.neurobiolaging.2010.09.016},
	note = {PMID: 21051106},
	langid = {eng}
}

@article{peters2006,
	title = {Ageing and the brain},
	author = {Peters, R.},
	year = {2006},
	month = {02},
	date = {2006-02},
	journal = {Postgraduate Medical Journal},
	pages = {84--88},
	volume = {82},
	number = {964},
	doi = {10.1136/pgmj.2005.036665},
	note = {PMID: 16461469
PMCID: PMC2596698},
	langid = {eng}
}

@article{schnack2016,
	title = {Accelerated Brain Aging in Schizophrenia: A Longitudinal Pattern Recognition Study},
	author = {Schnack, Hugo G. and van Haren, Neeltje E.M. and Nieuwenhuis, Mireille and Hulshoff Pol, Hilleke E. and Cahn, Wiepke and Kahn, {René S.}},
	year = {2016},
	month = {06},
	date = {2016-06},
	journal = {American Journal of Psychiatry},
	pages = {607--616},
	volume = {173},
	number = {6},
	doi = {10.1176/appi.ajp.2015.15070922},
	url = {http://ajp.psychiatryonline.org/doi/10.1176/appi.ajp.2015.15070922},
	langid = {en}
}

@article{nguyen2018,
	title = {Systemic Biomarkers of Accelerated Aging in Schizophrenia: A Critical Review and Future Directions},
	author = {Nguyen, Tanya T. and Eyler, Lisa T. and Jeste, Dilip V.},
	year = {2018},
	month = {02},
	date = {2018-02-15},
	journal = {Schizophrenia Bulletin},
	pages = {398--408},
	volume = {44},
	number = {2},
	doi = {10.1093/schbul/sbx069},
	note = {PMID: 29462455
PMCID: PMC5815075},
	langid = {eng}
}

@article{niraula2017,
	title = {Microglia Priming with Aging and Stress},
	author = {Niraula, Anzela and Sheridan, John F and Godbout, Jonathan P},
	year = {2017},
	month = {01},
	date = {2017-01},
	journal = {Neuropsychopharmacology},
	pages = {318--333},
	volume = {42},
	number = {1},
	doi = {10.1038/npp.2016.185},
	url = {http://www.nature.com/articles/npp2016185},
	langid = {en}
}

@article{tay2017,
	title = {Microglia Gone Rogue: Impacts on Psychiatric Disorders across the Lifespan},
	author = {Tay, Tuan Leng and {Béchade}, Catherine and {D'Andrea}, Ivana and St-Pierre, Marie-Kim and Henry, Mathilde S. and Roumier, Anne and Tremblay, Marie-Eve},
	year = {2017},
	date = {2017},
	journal = {Frontiers in Molecular Neuroscience},
	pages = {421},
	volume = {10},
	doi = {10.3389/fnmol.2017.00421},
	note = {PMID: 29354029
PMCID: PMC5758507},
	langid = {eng}
}

@article{bilbo2012,
	title = {The immune system and developmental programming of brain and behavior},
	author = {Bilbo, Staci D. and Schwarz, Jaclyn M.},
	year = {2012},
	month = {08},
	date = {2012-08},
	journal = {Frontiers in Neuroendocrinology},
	pages = {267--286},
	volume = {33},
	number = {3},
	doi = {10.1016/j.yfrne.2012.08.006},
	url = {https://linkinghub.elsevier.com/retrieve/pii/S0091302212000386},
	langid = {en}
}

@article{hong2016,
	title = {New insights on the role of microglia in synaptic pruning in health and disease},
	author = {Hong, Soyon and Dissing-Olesen, Lasse and Stevens, Beth},
	year = {2016},
	month = {02},
	date = {2016-02},
	journal = {Current Opinion in Neurobiology},
	pages = {128--134},
	volume = {36},
	doi = {10.1016/j.conb.2015.12.004},
	note = {PMID: 26745839
PMCID: PMC5479435},
	langid = {eng}
}

@article{perry2014,
	title = {Microglial priming in neurodegenerative disease},
	author = {Perry, V. Hugh and Holmes, Clive},
	year = {2014},
	month = {04},
	date = {2014-04},
	journal = {Nature Reviews Neurology},
	pages = {217--224},
	volume = {10},
	number = {4},
	doi = {10.1038/nrneurol.2014.38},
	url = {http://www.nature.com/articles/nrneurol.2014.38},
	langid = {en}
}

@article{monji2009,
	title = {Cytokines and schizophrenia: Microglia hypothesis of schizophrenia},
	author = {Monji, Akira and Kato, Takahiro and Kanba, Shigenobu},
	year = {2009},
	month = {06},
	date = {2009-06},
	journal = {Psychiatry and Clinical Neurosciences},
	pages = {257--265},
	volume = {63},
	number = {3},
	doi = {10.1111/j.1440-1819.2009.01945.x},
	note = {PMID: 19579286},
	langid = {eng}
}

@article{sellgren2019,
	title = {Increased synapse elimination by microglia in schizophrenia patient-derived models of synaptic pruning},
	author = {Sellgren, Carl M. and Gracias, Jessica and Watmuff, Bradley and Biag, Jonathan D. and Thanos, Jessica M. and Whittredge, Paul B. and Fu, Ting and Worringer, Kathleen and Brown, Hannah E. and Wang, Jennifer and Kaykas, Ajamete and Karmacharya, Rakesh and Goold, Carleton P. and Sheridan, Steven D. and Perlis, Roy H.},
	year = {2019},
	month = {03},
	date = {2019-03},
	journal = {Nature Neuroscience},
	pages = {374--385},
	volume = {22},
	number = {3},
	doi = {10.1038/s41593-018-0334-7},
	note = {PMID: 30718903
PMCID: PMC6410571},
	langid = {eng}
}

@article{comer2020,
	title = {The Inflamed Brain in Schizophrenia: The Convergence of Genetic and Environmental Risk Factors That Lead to Uncontrolled Neuroinflammation},
	author = {Comer, Ashley L. and Carrier, {Micaël} and Tremblay, {Marie-Ève} and {Cruz-Martín}, Alberto},
	year = {2020},
	month = {08},
	date = {2020-08-27},
	journal = {Frontiers in Cellular Neuroscience},
	pages = {274},
	volume = {14},
	doi = {10.3389/fncel.2020.00274},
	url = {https://www.frontiersin.org/article/10.3389/fncel.2020.00274/full}
}

@article{gabay2006,
	title = {Interleukin-6 and chronic inflammation},
	author = {Gabay, Cem},
	year = {2006},
	date = {2006},
	journal = {Arthritis Research & Therapy},
	pages = {S3},
	volume = {8 Suppl 2},
	doi = {10.1186/ar1917},
	note = {PMID: 16899107
PMCID: PMC3226076},
	langid = {eng}
}

@article{al-amin2013,
	title = {Effects of Antipsychotics on the Inflammatory Response System of Patients with Schizophrenia in Peripheral Blood Mononuclear Cell Cultures},
	author = {Al-Amin, Mamun and Uddin, Mir Muhammad Nasir and Reza, Hasan Mahmud},
	year = {2013},
	month = {12},
	date = {2013-12-28},
	journal = {Clinical Psychopharmacology and Neuroscience},
	pages = {144--151},
	volume = {11},
	number = {3},
	doi = {10.9758/cpn.2013.11.3.144},
	url = {http://www.cpn.or.kr/journal/view.html?doi=10.9758/cpn.2013.11.3.144},
	langid = {en}
}

@article{røge2012,
	title = {Immunomodulatory effects of clozapine and their clinical implications: what have we learned so far?},
	author = {{Røge}, Rasmus and {Møller}, Bjarne K. and Andersen, Christian R. and Correll, Christoph U. and Nielsen, Jimmi},
	year = {2012},
	month = {09},
	date = {2012-09},
	journal = {Schizophrenia Research},
	pages = {204--213},
	volume = {140},
	number = {1-3},
	doi = {10.1016/j.schres.2012.06.020},
	note = {PMID: 22831769},
	langid = {eng}
}

@article{song2000,
	title = {Immunosuppressive effects of clozapine and haloperidol: enhanced production of the interleukin-1 receptor antagonist},
	author = {Song, Cai and Lin, Ai-hua and Kenis, Gunter and Bosmans, Eugene and Maes, Michael},
	year = {2000},
	month = {04},
	date = {2000-04},
	journal = {Schizophrenia Research},
	pages = {157--164},
	volume = {42},
	number = {2},
	doi = {10.1016/S0920-9964(99)00116-4},
	url = {https://linkinghub.elsevier.com/retrieve/pii/S0920996499001164},
	langid = {en}
}

@article{jeong2021,
	title = {Challenges in Prescribing Clozapine in the Era of COVID-19: A Review Focused on Immunological Implications},
	author = {Jeong, Seong Hoon and Kim, Yong Sik},
	year = {2021},
	month = {08},
	date = {2021-08-31},
	journal = {Clinical Psychopharmacology and Neuroscience: The Official Scientific Journal of the Korean College of Neuropsychopharmacology},
	pages = {411--422},
	volume = {19},
	number = {3},
	doi = {10.9758/cpn.2021.19.3.411},
	note = {PMID: 34294611
PMCID: PMC8316651},
	langid = {eng}
}

@article{ponsford2019,
	title = {Clozapine is associated with secondary antibody deficiency},
	author = {Ponsford, Mark and Castle, Daniel and Tahir, Tayyeb and Robinson, Rebecca and Wade, Wendy and Steven, Rachael and Bramhall, Kathryn and Moody, Mo and Carne, Emily and Ford, Catherine and Farewell, Daniel and Williams, Paul and El-Shanawany, Tariq and Jolles, Stephen},
	year = {2019},
	month = {02},
	date = {2019-02},
	journal = {The British Journal of Psychiatry},
	pages = {83--89},
	volume = {214},
	number = {2},
	doi = {10.1192/bjp.2018.152},
	url = {https://www.cambridge.org/core/product/identifier/S0007125018001526/type/journal_article},
	langid = {en}
}

@article{ribeiro2013,
	title = {Evidences for a progressive microglial activation and increase in iNOS expression in rats submitted to a neurodevelopmental model of schizophrenia: reversal by clozapine},
	author = {Ribeiro, Bruna Mara Machado and do Carmo, Marta Regina Santos and Freire, Rosemayre Souza and Rocha, {Nayrton Flávio Moura} and Borella, {Vládia Célia Moreira} and de Menezes, Antonio Teles and Monte, Aline Santos and Gomes, {Patrícia Xavier Lima} and de Sousa, {Francisca Cléa Florenço} and Vale, Mariana Lima and de Lucena, David Freitas and Gama, Clarissa Severino and {Macêdo}, Danielle},
	year = {2013},
	month = {12},
	date = {2013-12},
	journal = {Schizophrenia Research},
	pages = {12--19},
	volume = {151},
	number = {1-3},
	doi = {10.1016/j.schres.2013.10.040},
	note = {PMID: 24257517},
	langid = {eng}
}

@article{hu2012,
	title = {Clozapine protects dopaminergic neurons from inflammation-induced damage by inhibiting microglial overactivation},
	author = {Hu, Xiaoming and Zhou, Hui and Zhang, Dan and Yang, Sufen and Qian, Li and Wu, Hung-Ming and Chen, Po-See and Wilson, Belinda and Gao, Hui-Ming and Lu, Ru-band and Hong, Jau-Shyong},
	year = {2012},
	month = {03},
	date = {2012-03},
	journal = {Journal of Neuroimmune Pharmacology: The Official Journal of the Society on NeuroImmune Pharmacology},
	pages = {187--201},
	volume = {7},
	number = {1},
	doi = {10.1007/s11481-011-9309-0},
	note = {PMID: 21870076
PMCID: PMC3633602},
	langid = {eng}
}

@article{vgiridharan2020,
	title = {Clozapine Prevents Poly (I:C) Induced Inflammation by Modulating NLRP3 Pathway in Microglial Cells},
	author = {V. Giridharan, Vijayasree and Scaini, Giselli and Colpo, Gabriela D. and Doifode, Tejaswini and F. Pinjari, Omar and Teixeira, {Antônio L.} and Petronilho, Fabricia and {Macêdo}, Danielle and Quevedo, {João} and Barichello, Tatiana},
	year = {2020},
	month = {02},
	date = {2020-02-28},
	journal = {Cells},
	pages = {577},
	volume = {9},
	number = {3},
	doi = {10.3390/cells9030577},
	url = {https://www.mdpi.com/2073-4409/9/3/577},
	langid = {en}
}

@article{jeon2018,
	title = {Clozapine reduces Toll-like receptor 4/NF-κB-mediated inflammatory responses through inhibition of calcium/calmodulin-dependent Akt activation in microglia},
	author = {Jeon, Seunghyun and Kim, Se Hyun and Shin, Soon Young and Lee, Young Han},
	year = {2018},
	month = {02},
	date = {2018-02},
	journal = {Progress in Neuro-Psychopharmacology and Biological Psychiatry},
	pages = {477--487},
	volume = {81},
	doi = {10.1016/j.pnpbp.2017.04.012},
	url = {https://linkinghub.elsevier.com/retrieve/pii/S0278584617300258},
	langid = {en}
}

@article{pollmächer2000,
	title = {Effects of antipsychotic drugs on cytokine networks},
	author = {{Pollmächer}, Thomas and Haack, Monika and Schuld, Andreas and Kraus, Thomas and Hinze-Selch, Dunja},
	year = {2000},
	month = {12},
	date = {2000-12},
	journal = {Journal of Psychiatric Research},
	pages = {369--382},
	volume = {34},
	number = {6},
	doi = {10.1016/S0022-3956(00)00032-7},
	url = {https://linkinghub.elsevier.com/retrieve/pii/S0022395600000327},
	langid = {en}
}

@article{dewitte2014,
	title = {Cytokine alterations in first-episode schizophrenia patients before and after antipsychotic treatment},
	author = {de Witte, Lot and Tomasik, Jakub and Schwarz, Emanuel and Guest, Paul C. and Rahmoune, Hassan and Kahn, {René S.} and Bahn, Sabine},
	year = {2014},
	month = {04},
	date = {2014-04},
	journal = {Schizophrenia Research},
	pages = {23--29},
	volume = {154},
	number = {1-3},
	doi = {10.1016/j.schres.2014.02.005},
	note = {PMID: 24582037},
	langid = {eng}
}

@article{berger2000,
	title = {Th1 and Th2 responses: what are they?},
	author = {Berger, A.},
	year = {2000},
	month = {08},
	date = {2000-08-12},
	journal = {BMJ (Clinical research ed.)},
	pages = {424},
	volume = {321},
	number = {7258},
	doi = {10.1136/bmj.321.7258.424},
	note = {PMID: 10938051
PMCID: PMC27457},
	langid = {eng}
}

@article{schwarz2001,
	title = {The Th2-hypothesis of schizophrenia: a strategy to identify a subgroup of schizophrenia caused by immune mechanisms},
	author = {Schwarz, M. J. and {Müller}, N. and Riedel, M. and Ackenheil, M.},
	year = {2001},
	month = {04},
	date = {2001-04},
	journal = {Medical Hypotheses},
	pages = {483--486},
	volume = {56},
	number = {4},
	doi = {10.1054/mehy.2000.1203},
	note = {PMID: 11339852},
	langid = {eng}
}

@article{chen2012,
	title = {Risperidone modulates the cytokine and chemokine release of dendritic cells and induces TNF-α-directed cell apoptosis in neutrophils},
	author = {Chen, Mao-Liang and Tsai, Tzung-Chieh and Wang, Lu-Kai and Lin, Yi-Yin and Tsai, Ya-Min and Lee, Ming-Cheng and Tsai, Fu-Ming},
	year = {2012},
	month = {01},
	date = {2012-01},
	journal = {International Immunopharmacology},
	pages = {197--204},
	volume = {12},
	number = {1},
	doi = {10.1016/j.intimp.2011.11.011},
	note = {PMID: 22154580},
	langid = {eng}
}

@article{dacruzjung2016,
	title = {Haloperidol and Risperidone at high concentrations activate an in vitro inflammatory response of RAW 264.7 macrophage cells by induction of apoptosis and modification of cytokine levels},
	author = {da Cruz Jung, {Ivo Emílio} and Machado, Alencar Kolinski and da Cruz, {Ivana Beatrice Mânica} and Barbisan, Fernanda and Azzolin, {Verônica Farina} and Duarte, Thiago and Duarte, Marta Maria Medeiros Frescura and do Prado-Lima, {Pedro Antônio Schmidt} and Bochi, Guilherme Vargas and Scola, Gustavo and Moresco, Rafael Noal},
	year = {2016},
	month = {05},
	date = {2016-05},
	journal = {Psychopharmacology},
	pages = {1715--1723},
	volume = {233},
	number = {9},
	doi = {10.1007/s00213-015-4079-7},
	url = {http://link.springer.com/10.1007/s00213-015-4079-7},
	langid = {en}
}

@article{yamamoto2016,
	title = {Haloperidol Suppresses NF-kappaB to Inhibit Lipopolysaccharide-Induced Pro-Inflammatory Response in RAW 264 Cells},
	author = {Yamamoto, Shunsuke and Ohta, Noriyuki and Matsumoto, Atsuhiro and Horiguchi, Yu and Koide, Moe and Fujino, Yuji},
	year = {2016},
	month = {02},
	date = {2016-02-04},
	journal = {Medical Science Monitor: International Medical Journal of Experimental and Clinical Research},
	pages = {367--372},
	volume = {22},
	doi = {10.12659/msm.895739},
	note = {PMID: 26842661
PMCID: PMC4747317},
	langid = {eng}
}

@article{fonseka2016,
	title = {Inflammatory Cytokines and Antipsychotic-Induced Weight Gain: Review and Clinical Implications},
	author = {Fonseka, Trehani M. and {Müller}, Daniel J. and Kennedy, Sidney H.},
	year = {2016},
	month = {05},
	date = {2016-05},
	journal = {Molecular Neuropsychiatry},
	pages = {1--14},
	volume = {2},
	number = {1},
	doi = {10.1159/000441521},
	note = {PMID: 27606316
PMCID: PMC4996002},
	langid = {eng}
}

@article{ahima2008,
	title = {Brain regulation of appetite and satiety},
	author = {Ahima, Rexford S. and Antwi, Daniel A.},
	year = {2008},
	month = {12},
	date = {2008-12},
	journal = {Endocrinology and Metabolism Clinics of North America},
	pages = {811--823},
	volume = {37},
	number = {4},
	doi = {10.1016/j.ecl.2008.08.005},
	note = {PMID: 19026933
PMCID: PMC2710609},
	langid = {eng}
}

@article{ahima2006,
	title = {Adipokines that link obesity and diabetes to the hypothalamus},
	author = {Ahima, Rexford S. and Qi, Yong and Singhal, Neel S.},
	year = {2006},
	date = {2006},
	journal = {Progress in Brain Research},
	pages = {155--174},
	volume = {153},
	doi = {10.1016/S0079-6123(06)53009-2},
	note = {PMID: 16876574},
	langid = {eng}
}

@article{fonseka2014,
	title = {Second generation antipsychotic-induced obsessive-compulsive symptoms in schizophrenia: a review of the experimental literature},
	author = {Fonseka, Trehani M. and Richter, Margaret A. and {Müller}, Daniel J.},
	year = {2014},
	month = {11},
	date = {2014-11},
	journal = {Current Psychiatry Reports},
	pages = {510},
	volume = {16},
	number = {11},
	doi = {10.1007/s11920-014-0510-8},
	note = {PMID: 25256097},
	langid = {eng}
}

@article{kluge2009,
	title = {Effects of clozapine and olanzapine on cytokine systems are closely linked to weight gain and drug-induced fever},
	author = {Kluge, Michael and Schuld, Andreas and Schacht, Alexander and Himmerich, Hubertus and Dalal, Mira A. and Wehmeier, Peter M. and Hinze-Selch, Dunja and Kraus, Thomas and Dittmann, Ralf W. and {Pollmächer}, Thomas},
	year = {2009},
	month = {01},
	date = {2009-01},
	journal = {Psychoneuroendocrinology},
	pages = {118--128},
	volume = {34},
	number = {1},
	doi = {10.1016/j.psyneuen.2008.08.016},
	note = {PMID: 18835660},
	langid = {eng}
}

@article{faulconbridge2011,
	title = {Regulation of energy balance and body weight by the brain: a distributed system prone to disruption},
	author = {Faulconbridge, Lucy F. and Hayes, Matthew R.},
	year = {2011},
	month = {12},
	date = {2011-12},
	journal = {The Psychiatric Clinics of North America},
	pages = {733--745},
	volume = {34},
	number = {4},
	doi = {10.1016/j.psc.2011.08.008},
	note = {PMID: 22098800
PMCID: PMC3222868},
	langid = {eng}
}

@article{donath2011,
	title = {Type 2 diabetes as an inflammatory disease},
	author = {Donath, Marc Y. and Shoelson, Steven E.},
	year = {2011},
	month = {02},
	date = {2011-02},
	journal = {Nature Reviews Immunology},
	pages = {98--107},
	volume = {11},
	number = {2},
	doi = {10.1038/nri2925},
	url = {https://www.nature.com/articles/nri2925},
	langid = {en}
}

@article{zhao2021,
	title = {Do proinflammatory cytokines play a role in clozapine-associated glycometabolism disorders?},
	author = {Zhao, Tongtong and Zhang, Kai and Zhang, Yelei and Yang, Yating and Ning, Xiaoshuai and Hu, Yu and Li, Xiaoyue and Zhang, Yulong and Xia, Lei and Ren, Zhenhua and Liu, Huanzhong},
	year = {2021},
	month = {07},
	date = {2021-07},
	journal = {Psychopharmacology},
	pages = {1979--1990},
	volume = {238},
	number = {7},
	doi = {10.1007/s00213-021-05824-9},
	url = {https://link.springer.com/10.1007/s00213-021-05824-9},
	langid = {en}
}

@article{oconnell2014,
	title = {Pro-inflammatory cytokine levels are raised in female schizophrenia patients treated with clozapine},
	author = {{O'Connell}, Kara E. and Thakore, Jogin and Dev, Kumlesh K.},
	year = {2014},
	month = {06},
	date = {2014-06},
	journal = {Schizophrenia Research},
	pages = {1--8},
	volume = {156},
	number = {1},
	doi = {10.1016/j.schres.2014.03.020},
	note = {PMID: 24742875},
	langid = {eng}
}

@article{agrawal2011,
	title = {Leptin activates human B cells to secrete TNF-α, IL-6, and IL-10 via JAK2/STAT3 and p38MAPK/ERK1/2 signaling pathway},
	author = {Agrawal, Sudhanshu and Gollapudi, Sastry and Su, Houfen and Gupta, Sudhir},
	year = {2011},
	month = {06},
	date = {2011-06},
	journal = {Journal of Clinical Immunology},
	pages = {472--478},
	volume = {31},
	number = {3},
	doi = {10.1007/s10875-010-9507-1},
	note = {PMID: 21243519
PMCID: PMC3132280},
	langid = {eng}
}

@article{leonard2012,
	title = {The metabolic syndrome in schizophrenia: is inflammation a contributing cause?},
	author = {Leonard, Brian E and Schwarz, Markus and Myint, Aye Mu},
	year = {2012},
	month = {05},
	date = {2012-05},
	journal = {Journal of Psychopharmacology},
	pages = {33--41},
	volume = {26},
	number = {5{\_}suppl},
	doi = {10.1177/0269881111431622},
	url = {http://journals.sagepub.com/doi/10.1177/0269881111431622},
	langid = {en}
}

@article{pizzino2017,
	title = {Oxidative Stress: Harms and Benefits for Human Health},
	author = {Pizzino, Gabriele and Irrera, Natasha and Cucinotta, Mariapaola and Pallio, Giovanni and Mannino, Federica and Arcoraci, Vincenzo and Squadrito, Francesco and Altavilla, Domenica and Bitto, Alessandra},
	year = {2017},
	date = {2017},
	journal = {Oxidative Medicine and Cellular Longevity},
	pages = {8416763},
	volume = {2017},
	doi = {10.1155/2017/8416763},
	note = {PMID: 28819546
PMCID: PMC5551541},
	langid = {eng}
}

@article{niraula2017a,
	title = {Microglia Priming with Aging and Stress},
	author = {Niraula, Anzela and Sheridan, John F and Godbout, Jonathan P},
	year = {2017},
	month = {01},
	date = {2017-01},
	journal = {Neuropsychopharmacology},
	pages = {318--333},
	volume = {42},
	number = {1},
	doi = {10.1038/npp.2016.185},
	url = {http://www.nature.com/articles/npp2016185},
	langid = {en}
}

@article{reczek2015,
	title = {ROS-dependent signal transduction},
	author = {Reczek, Colleen R. and Chandel, Navdeep S.},
	year = {2015},
	month = {04},
	date = {2015-04},
	journal = {Current Opinion in Cell Biology},
	pages = {8--13},
	volume = {33},
	doi = {10.1016/j.ceb.2014.09.010},
	note = {PMID: 25305438
PMCID: PMC4380867},
	langid = {eng}
}

@article{simpson2020,
	title = {ROS Generation in Microglia: Understanding Oxidative Stress and Inflammation in Neurodegenerative Disease},
	author = {Simpson, Dominic S. A. and Oliver, Peter L.},
	year = {2020},
	month = {08},
	date = {2020-08-13},
	journal = {Antioxidants (Basel, Switzerland)},
	pages = {E743},
	volume = {9},
	number = {8},
	doi = {10.3390/antiox9080743},
	note = {PMID: 32823544
PMCID: PMC7463655},
	langid = {eng}
}

@article{murray2021,
	title = {Oxidative Stress and the Pathophysiology and Symptom Profile of Schizophrenia Spectrum Disorders},
	author = {Murray, Alex J. and Rogers, Jack C. and Katshu, Mohammad Zia Ul Haq and Liddle, Peter F. and Upthegrove, Rachel},
	year = {2021},
	date = {2021},
	journal = {Frontiers in Psychiatry},
	pages = {703452},
	volume = {12},
	doi = {10.3389/fpsyt.2021.703452},
	note = {PMID: 34366935
PMCID: PMC8339376},
	langid = {eng}
}

@article{cobley2018,
	title = {13 reasons why the brain is susceptible to oxidative stress},
	author = {Cobley, James Nathan and Fiorello, Maria Luisa and Bailey, Damian Miles},
	year = {2018},
	month = {05},
	date = {2018-05},
	journal = {Redox Biology},
	pages = {490--503},
	volume = {15},
	doi = {10.1016/j.redox.2018.01.008},
	url = {https://linkinghub.elsevier.com/retrieve/pii/S2213231718300041},
	langid = {en}
}

@article{maher2000,
	title = {Signaling by reactive oxygen species in the nervous system:},
	author = {{Maher*}, P. and Schubert, D.},
	year = {2000},
	month = {08},
	date = {2000-08},
	journal = {Cellular and Molecular Life Sciences},
	pages = {1287--1305},
	volume = {57},
	number = {8},
	doi = {10.1007/PL00000766},
	url = {http://link.springer.com/10.1007/PL00000766},
	langid = {en}
}

@article{singh2019,
	title = {Oxidative Stress: A Key Modulator in Neurodegenerative Diseases},
	author = {Singh, Anju and Kukreti, Ritushree and Saso, Luciano and Kukreti, Shrikant},
	year = {2019},
	month = {04},
	date = {2019-04-22},
	journal = {Molecules (Basel, Switzerland)},
	pages = {E1583},
	volume = {24},
	number = {8},
	doi = {10.3390/molecules24081583},
	note = {PMID: 31013638
PMCID: PMC6514564},
	langid = {eng}
}

@article{bitanihirwe2011,
	title = {Oxidative stress in schizophrenia: an integrated approach},
	author = {Bitanihirwe, Byron K. Y. and Woo, Tsung-Ung W.},
	year = {2011},
	month = {01},
	date = {2011-01},
	journal = {Neuroscience and Biobehavioral Reviews},
	pages = {878--893},
	volume = {35},
	number = {3},
	doi = {10.1016/j.neubiorev.2010.10.008},
	note = {PMID: 20974172
PMCID: PMC3021756},
	langid = {eng}
}

@article{solberg2019,
	title = {A five-year follow-up study of antioxidants, oxidative stress and polyunsaturated fatty acids in schizophrenia},
	author = {Solberg, Dag K. and Refsum, Helge and Andreassen, Ole A. and Bentsen, {Håvard}},
	year = {2019},
	month = {08},
	date = {2019-08},
	journal = {Acta Neuropsychiatrica},
	pages = {202--212},
	volume = {31},
	number = {4},
	doi = {10.1017/neu.2019.14},
	note = {PMID: 31178002},
	langid = {eng}
}

@article{egerton2012,
	title = {Anterior cingulate glutamate levels related to clinical status following treatment in first-episode schizophrenia},
	author = {Egerton, Alice and Brugger, Stefan and Raffin, Marie and Barker, Gareth J. and Lythgoe, David J. and McGuire, Philip K. and Stone, James M.},
	year = {2012},
	month = {10},
	date = {2012-10},
	journal = {Neuropsychopharmacology: Official Publication of the American College of Neuropsychopharmacology},
	pages = {2515--2521},
	volume = {37},
	number = {11},
	doi = {10.1038/npp.2012.113},
	note = {PMID: 22763619
PMCID: PMC3442346},
	langid = {eng}
}

@article{yolland2020,
	title = {Meta-analysis of randomised controlled trials with {\emph{N}} -acetylcysteine in the treatment of schizophrenia},
	author = {Yolland, Caitlin OB and Hanratty, Donal and Neill, Erica and Rossell, Susan L and Berk, Michael and Dean, Olivia M and Castle, David J and Tan, Eric J and Phillipou, Andrea and Harris, Anthony WF and Barreiros, Ana Rita and Hansen, Abigail and Siskind, Dan},
	year = {2020},
	month = {05},
	date = {2020-05},
	journal = {Australian & New Zealand Journal of Psychiatry},
	pages = {453--466},
	volume = {54},
	number = {5},
	doi = {10.1177/0004867419893439},
	url = {http://journals.sagepub.com/doi/10.1177/0004867419893439},
	langid = {en}
}

@article{chen2015,
	title = {A meta-analysis of placebo-controlled trials of omega-3 fatty acid augmentation in schizophrenia: Possible stage-specific effects},
	author = {Chen, Alexander T. and Chibnall, John T. and Nasrallah, Henry A.},
	year = {2015},
	month = {11},
	date = {2015-11},
	journal = {Annals of Clinical Psychiatry: Official Journal of the American Academy of Clinical Psychiatrists},
	pages = {289--296},
	volume = {27},
	number = {4},
	note = {PMID: 26554370},
	langid = {eng}
}


@article{goh_effects_2021,
	title = {Effects of omega-3 polyunsaturated fatty acids supplements on psychopathology and metabolic parameters in schizophrenia: {A} meta-analysis of randomized controlled trials},
	volume = {35},
	issn = {0269-8811, 1461-7285},
	shorttitle = {Effects of omega-3 polyunsaturated fatty acids supplements on psychopathology and metabolic parameters in schizophrenia},
	url = {http://journals.sagepub.com/doi/10.1177/0269881120981392},
	doi = {10.1177/0269881120981392},
	language = {en},
	number = {3},
	urldate = {2022-06-24},
	journal = {Journal of Psychopharmacology},
	author = {Goh, Kah K and Chen, Cynthia Yi-An and Chen, Chun-Hsin and Lu, Mong-Liang},
	month = mar,
	year = {2021},
	pages = {221--235},
}

@article{parikh2003,
	title = {Differential effects of antipsychotics on expression of antioxidant enzymes and membrane lipid peroxidation in rat brain},
	author = {Parikh, Vinay and Khan, Mohammad M. and Mahadik, Sahebarao P.},
	year = {2003},
	month = {02},
	date = {2003-02},
	journal = {Journal of Psychiatric Research},
	pages = {43--51},
	volume = {37},
	number = {1},
	doi = {10.1016/s0022-3956(02)00048-1},
	note = {PMID: 12482469},
	langid = {eng}
}

@article{polydoro2004,
	title = {Haloperidol- and clozapine-induced oxidative stress in the rat brain},
	author = {Polydoro, Manuela and {Schröder}, Nadja and Lima, Maria Noemia M. and Caldana, {Fábio} and Laranja, Daniela C. and Bromberg, Elke and Roesler, Rafael and Quevedo, {João} and Moreira, {José Cláudio F.} and Dal-Pizzol, Felipe},
	year = {2004},
	month = {08},
	date = {2004-08},
	journal = {Pharmacology, Biochemistry, and Behavior},
	pages = {751--756},
	volume = {78},
	number = {4},
	doi = {10.1016/j.pbb.2004.05.018},
	note = {PMID: 15301931},
	langid = {eng}
}

@article{pillai2007,
	title = {Long-term antipsychotic treatments and crossover studies in rats: differential effects of typical and atypical agents on the expression of antioxidant enzymes and membrane lipid peroxidation in rat brain},
	author = {Pillai, Anilkumar and Parikh, Vinay and Terry, Alvin V. and Mahadik, Sahebarao P.},
	year = {2007},
	month = {08},
	date = {2007-08},
	journal = {Journal of Psychiatric Research},
	pages = {372--386},
	volume = {41},
	number = {5},
	doi = {10.1016/j.jpsychires.2006.01.011},
	note = {PMID: 16564057},
	langid = {eng}
}

@article{lohr2003,
	title = {Oxidative Mechanisms and Tardive Dyskinesia:},
	author = {Lohr, James B. and Kuczenski, Ronald and Niculescu, Alexander B.},
	year = {2003},
	date = {2003},
	journal = {CNS Drugs},
	pages = {47--62},
	volume = {17},
	number = {1},
	doi = {10.2165/00023210-200317010-00004},
	url = {http://link.springer.com/10.2165/00023210-200317010-00004},
	langid = {en}
}

@article{adams2019,
	title = {Tardive Dyskinesia and Dopamine Oxidation, Cumulative Effects},
	author = {Adams, James David},
	year = {2019},
	month = {03},
	date = {2019-03-31},
	journal = {J},
	pages = {138--141},
	volume = {2},
	number = {2},
	doi = {10.3390/j2020011},
	url = {http://dx.doi.org/10.3390/j2020011},
	langid = {en}
}

@article{panariello2020,
	title = {How Does SARS-CoV-2 Affect the Central Nervous System? A Working Hypothesis},
	author = {Panariello, Fabio and Cellini, Lorenzo and Speciani, Maurizio and De Ronchi, Diana and Atti, Anna Rita},
	year = {2020},
	month = {11},
	date = {2020-11-16},
	journal = {Frontiers in Psychiatry},
	pages = {582345},
	volume = {11},
	doi = {10.3389/fpsyt.2020.582345},
	url = {https://www.frontiersin.org/articles/10.3389/fpsyt.2020.582345/full}
}

@article{dakhale2004,
	title = {Oxidative damage and schizophrenia: the potential benefit by atypical antipsychotics},
	author = {Dakhale, Ganesh and Khanzode, Suchet and Khanzode, Shruti and Saoji, Anand and Khobragade, Linesh and Turankar, Avinash},
	year = {2004},
	date = {2004},
	journal = {Neuropsychobiology},
	pages = {205--209},
	volume = {49},
	number = {4},
	doi = {10.1159/000077368},
	note = {PMID: 15154399},
	langid = {eng}
}

@article{kriisa2016,
	title = {Antipsychotic Treatment Reduces Indices of Oxidative Stress in First-Episode Psychosis Patients},
	author = {Kriisa, {Kärt} and Haring, Liina and Vasar, Eero and Koido, Kati and Janno, Sven and Vasar, Veiko and Zilmer, Kersti and Zilmer, Mihkel},
	year = {2016},
	date = {2016},
	journal = {Oxidative Medicine and Cellular Longevity},
	pages = {9616593},
	volume = {2016},
	doi = {10.1155/2016/9616593},
	note = {PMID: 27528889
PMCID: PMC4978850},
	langid = {eng}
}

@article{ivanova2014,
	title = {Glucose-6-phosphate dehydrogenase and catalase activities in erythrocytes of schizophrenic patients under pharmacotherapy with traditional antipsychotics},
	author = {Ivanova, S. A. and Smirnova, L. P. and Shchigoreva, Yu. G. and Boiko, A. S. and Semke, A. V. and Uzbekov, M. G. and Bokhan, N. A.},
	year = {2014},
	month = {01},
	date = {2014-01},
	journal = {Neurochemical Journal},
	pages = {66--70},
	volume = {8},
	number = {1},
	doi = {10.1134/S1819712414010061},
	url = {http://link.springer.com/10.1134/S1819712414010061},
	langid = {en}
}

@article{sadowskabartosz2016,
	title = {Antioxidant properties of atypical antipsychotic drugs used in the treatment of schizophrenia},
	author = {Sadowska-Bartosz, Izabela and Galiniak, Sabina and Bartosz, Grzegorz and Zuberek, Mariusz and Grzelak, Agnieszka and Dietrich-Muszalska, Anna},
	year = {2016},
	month = {10},
	date = {2016-10},
	journal = {Schizophrenia Research},
	pages = {245--251},
	volume = {176},
	number = {2-3},
	doi = {10.1016/j.schres.2016.07.010},
	note = {PMID: 27449251},
	langid = {eng}
}

@article{macdowell2013,
	title = {Risperidone normalizes increased inflammatory parameters and restores anti-inflammatory pathways in a model of neuroinflammation},
	author = {MacDowell, Karina S. and {García-Bueno}, Borja and Madrigal, {José L. M.} and Parellada, Mara and Arango, Celso and {Micó}, Juan A. and Leza, Juan C.},
	year = {2013},
	month = {02},
	date = {2013-02},
	journal = {The International Journal of Neuropsychopharmacology},
	pages = {121--135},
	volume = {16},
	number = {1},
	doi = {10.1017/S1461145711001775},
	note = {PMID: 22176740},
	langid = {eng}
}

@article{caruso2020,
	title = {Antioxidant Properties of Second-Generation Antipsychotics: Focus on Microglia},
	author = {Caruso, Giuseppe and Grasso, Margherita and Fidilio, Annamaria and Tascedda, Fabio and Drago, Filippo and Caraci, Filippo},
	year = {2020},
	month = {12},
	date = {2020-12-12},
	journal = {Pharmaceuticals (Basel, Switzerland)},
	pages = {E457},
	volume = {13},
	number = {12},
	doi = {10.3390/ph13120457},
	note = {PMID: 33322693
PMCID: PMC7764768},
	langid = {eng}
}

@article{möller2013,
	title = {Social isolation rearing induces mitochondrial, immunological, neurochemical and behavioural deficits in rats, and is reversed by clozapine or N-acetyl cysteine},
	author = {{Möller}, Marisa and Du Preez, Jan L. and Viljoen, Francois P. and Berk, Michael and Emsley, Robin and Harvey, Brian H.},
	year = {2013},
	month = {05},
	date = {2013-05},
	journal = {Brain, Behavior, and Immunity},
	pages = {156--167},
	volume = {30},
	doi = {10.1016/j.bbi.2012.12.011},
	note = {PMID: 23270677},
	langid = {eng}
}

@article{do2009,
	title = {Redox dysregulation, neurodevelopment, and schizophrenia},
	author = {Do, Kim Q. and Cabungcal, Jan H. and Frank, Anita and Steullet, Pascal and Cuenod, Michel},
	year = {2009},
	month = {04},
	date = {2009-04},
	journal = {Current Opinion in Neurobiology},
	pages = {220--230},
	volume = {19},
	number = {2},
	doi = {10.1016/j.conb.2009.05.001},
	note = {PMID: 19481443},
	langid = {eng}
}

@article{sawa2014,
	title = {Is Prophylactic Psychiatry around the Corner? Combating Adolescent Oxidative Stress for Adult Psychosis and Schizophrenia},
	author = {Sawa, Akira and Seidman, {Larry J.}},
	year = {2014},
	month = {09},
	date = {2014-09},
	journal = {Neuron},
	pages = {991--993},
	volume = {83},
	number = {5},
	doi = {10.1016/j.neuron.2014.08.028},
	url = {https://linkinghub.elsevier.com/retrieve/pii/S0896627314007296},
	langid = {en}
}

@article{rund2009,
	title = {Is there a degenerative process going on in the brain of people with schizophrenia?},
	author = {Rund, Bjorn},
	year = {2009},
	date = {2009},
	journal = {Frontiers in Human Neuroscience},
	volume = {3},
	doi = {10.3389/neuro.09.036.2009},
	url = {http://journal.frontiersin.org/article/10.3389/neuro.09.036.2009/abstract}
}

@article{zipursky2013,
	title = {The Myth of Schizophrenia as a Progressive Brain Disease},
	author = {Zipursky, Robert B. and Reilly, Thomas J. and Murray, Robin M.},
	year = {2013},
	month = {11},
	date = {2013-11},
	journal = {Schizophrenia Bulletin},
	pages = {1363--1372},
	volume = {39},
	number = {6},
	doi = {10.1093/schbul/sbs135},
	url = {https://academic.oup.com/schizophreniabulletin/article-lookup/doi/10.1093/schbul/sbs135},
	langid = {en}
}

@article{nishioka2004,
	title = {Evidence for Oxidative DNA Damage in the Hippocampus of Elderly Patients With Chronic Schizophrenia},
	author = {Nishioka, Naoya and Arnold, Steven E.},
	year = {2004},
	month = {03},
	date = {2004-03},
	journal = {The American Journal of Geriatric Psychiatry},
	pages = {167--175},
	volume = {12},
	number = {2},
	doi = {10.1097/00019442-200403000-00008},
	url = {https://linkinghub.elsevier.com/retrieve/pii/S1064748112617515},
	langid = {en}
}
