
@article{diamond1964,
	title = {The Effects of an Enriched Enrivonment on the Histology of the Rat Cerebral Cortex},
	author = {Diamond, M. C. and Krech, D. and Rosenzweig, M. R.},
	year = {1964},
	month = {08},
	date = {1964-08},
	journal = {The Journal of Comparative Neurology},
	pages = {111--120},
	volume = {123},
	doi = {10.1002/cne.901230110},
	note = {PMID: 14199261},
	langid = {eng}
}

@article{bailey1983,
	title = {Morphological basis of long-term habituation and sensitization in Aplysia},
	author = {Bailey, C. H. and Chen, M.},
	year = {1983},
	month = {04},
	date = {1983-04-01},
	journal = {Science (New York, N.Y.)},
	pages = {91--93},
	volume = {220},
	number = {4592},
	doi = {10.1126/science.6828885},
	note = {PMID: 6828885},
	langid = {eng}
}

@article{hotulainen2010,
	title = {Actin in dendritic spines: connecting dynamics to function},
	author = {Hotulainen, Pirta and Hoogenraad, Casper C.},
	year = {2010},
	month = {05},
	date = {2010-05-17},
	journal = {The Journal of Cell Biology},
	pages = {619--629},
	volume = {189},
	number = {4},
	doi = {10.1083/jcb.201003008},
	note = {PMID: 20457765
PMCID: PMC2872912},
	langid = {eng}
}

@article{maguire1997,
	title = {Recalling routes around london: activation of the right hippocampus in taxi drivers},
	author = {Maguire, E. A. and Frackowiak, R. S. and Frith, C. D.},
	year = {1997},
	month = {09},
	date = {1997-09-15},
	journal = {The Journal of Neuroscience: The Official Journal of the Society for Neuroscience},
	pages = {7103--7110},
	volume = {17},
	number = {18},
	note = {PMID: 9278544
PMCID: PMC6573257},
	langid = {eng}
}

@article{takeuchi2014,
	title = {The synaptic plasticity and memory hypothesis: encoding, storage and persistence},
	author = {Takeuchi, Tomonori and Duszkiewicz, Adrian J. and Morris, Richard G. M.},
	year = {2014},
	month = {01},
	date = {2014-01-05},
	journal = {Philosophical Transactions of the Royal Society B: Biological Sciences},
	pages = {20130288},
	volume = {369},
	number = {1633},
	doi = {10.1098/rstb.2013.0288},
	url = {https://royalsocietypublishing.org/doi/10.1098/rstb.2013.0288},
	langid = {en}
}

@book{hebb1949,
	title = {The organization of behavior; a neuropsychological theory},
	author = {Hebb, D. O.},
	year = {1949},
	date = {1949},
	publisher = {Wiley},
	series = {The organization of behavior; a neuropsychological theory},
	note = {Pages: xix, 335},
	address = {Oxford, England}
}

@article{bliss1973,
	title = {Long-lasting potentiation of synaptic transmission in the dentate area of the anaesthetized rabbit following stimulation of the perforant path},
	author = {Bliss, T. V. and Lomo, T.},
	year = {1973},
	month = {07},
	date = {1973-07},
	journal = {The Journal of Physiology},
	pages = {331--356},
	volume = {232},
	number = {2},
	doi = {10.1113/jphysiol.1973.sp010273},
	note = {PMID: 4727084
PMCID: PMC1350458},
	langid = {eng}
}

@article{odell1994,
	title = {Low-frequency stimulation erases LTP through an NMDA receptor-mediated activation of protein phosphatases.},
	author = {{O'Dell}, T J and Kandel, E R},
	year = {1994},
	date = {1994},
	journal = {Learning & Memory},
	pages = {129--139},
	volume = {1},
	number = {2},
	doi = {10.1101/lm.1.2.129},
	url = {http://learnmem.cshlp.org/lookup/doi/10.1101/lm.1.2.129},
	langid = {en}
}

@article{nicoll2017,
	title = {A Brief History of Long-Term Potentiation},
	author = {Nicoll, Roger A.},
	year = {2017},
	month = {01},
	date = {2017-01-18},
	journal = {Neuron},
	pages = {281--290},
	volume = {93},
	number = {2},
	doi = {10.1016/j.neuron.2016.12.015},
	note = {PMID: 28103477},
	langid = {eng}
}

@article{bliss1993,
	title = {A synaptic model of memory: long-term potentiation in the hippocampus},
	author = {Bliss, T. V. P. and Collingridge, G. L.},
	year = {1993},
	month = {01},
	date = {1993-01},
	journal = {Nature},
	pages = {31--39},
	volume = {361},
	number = {6407},
	doi = {10.1038/361031a0},
	url = {http://www.nature.com/articles/361031a0},
	langid = {en}
}

@article{castellucci1970,
	title = {Neuronal mechanisms of habituation and dishabituation of the gill-withdrawal reflex in Aplysia},
	author = {Castellucci, V. and Pinsker, H. and Kupfermann, I. and Kandel, E. R.},
	year = {1970},
	month = {03},
	date = {1970-03-27},
	journal = {Science (New York, N.Y.)},
	pages = {1745--1748},
	volume = {167},
	number = {3926},
	doi = {10.1126/science.167.3926.1745},
	note = {PMID: 5416543},
	langid = {eng}
}

@article{kupfermann1970,
	title = {Neuronal correlates of habituation and dishabituation of the gill-withdrawal reflex in Aplysia},
	author = {Kupfermann, I. and Castellucci, V. and Pinsker, H. and Kandel, E.},
	year = {1970},
	month = {03},
	date = {1970-03-27},
	journal = {Science (New York, N.Y.)},
	pages = {1743--1745},
	volume = {167},
	number = {3926},
	doi = {10.1126/science.167.3926.1743},
	note = {PMID: 5416542},
	langid = {eng}
}

@article{shobe2009,
	title = {Temporal phases of activity-dependent plasticity and memory are mediated by compartmentalized routing of MAPK signaling in aplysia sensory neurons},
	author = {Shobe, Justin L. and Zhao, Yali and Stough, Shara and Ye, Xiaojing and Hsuan, Vickie and Martin, Kelsey C. and Carew, Thomas J.},
	year = {2009},
	month = {01},
	date = {2009-01-15},
	journal = {Neuron},
	pages = {113--125},
	volume = {61},
	number = {1},
	doi = {10.1016/j.neuron.2008.10.049},
	note = {PMID: 19146817
PMCID: PMC4627632},
	langid = {eng}
}

@article{citri2008,
	title = {Synaptic plasticity: multiple forms, functions, and mechanisms},
	author = {Citri, Ami and Malenka, Robert C.},
	year = {2008},
	month = {01},
	date = {2008-01},
	journal = {Neuropsychopharmacology: Official Publication of the American College of Neuropsychopharmacology},
	pages = {18--41},
	volume = {33},
	number = {1},
	doi = {10.1038/sj.npp.1301559},
	note = {PMID: 17728696},
	langid = {eng}
}

@article{fortune2001,
	title = {Short-term synaptic plasticity as a temporal filter},
	author = {Fortune, Eric S. and Rose, Gary J.},
	year = {2001},
	month = {07},
	date = {2001-07},
	journal = {Trends in Neurosciences},
	pages = {381--385},
	volume = {24},
	number = {7},
	doi = {10.1016/S0166-2236(00)01835-X},
	url = {https://linkinghub.elsevier.com/retrieve/pii/S016622360001835X},
	langid = {en}
}

@article{zucker2002,
	title = {Short-term synaptic plasticity},
	author = {Zucker, Robert S. and Regehr, Wade G.},
	year = {2002},
	date = {2002},
	journal = {Annual Review of Physiology},
	pages = {355--405},
	volume = {64},
	doi = {10.1146/annurev.physiol.64.092501.114547},
	note = {PMID: 11826273},
	langid = {eng}
}

@article{buonomano2000,
	title = {Decoding Temporal Information: A Model Based on Short-Term Synaptic Plasticity},
	author = {Buonomano, Dean V.},
	year = {2000},
	month = {02},
	date = {2000-02-01},
	journal = {The Journal of Neuroscience},
	pages = {1129--1141},
	volume = {20},
	number = {3},
	doi = {10.1523/JNEUROSCI.20-03-01129.2000},
	url = {https://www.jneurosci.org/lookup/doi/10.1523/JNEUROSCI.20-03-01129.2000},
	langid = {en}
}

@article{deng2011,
	title = {The diverse functions of short-term plasticity components in synaptic computations},
	author = {Deng, Pan-Yue and Klyachko, Vitaly A.},
	year = {2011},
	month = {09},
	date = {2011-09},
	journal = {Communicative & Integrative Biology},
	pages = {543--548},
	volume = {4},
	number = {5},
	doi = {10.4161/cib.4.5.15870},
	note = {PMID: 22046457
PMCID: PMC3204123},
	langid = {eng}
}

@article{thompson1993,
	title = {Presynaptic inhibition in the hippocampus},
	author = {Thompson, S. M. and Capogna, M. and Scanziani, M.},
	year = {1993},
	month = {06},
	date = {1993-06},
	journal = {Trends in Neurosciences},
	pages = {222--227},
	volume = {16},
	number = {6},
	doi = {10.1016/0166-2236(93)90160-n},
	note = {PMID: 7688163},
	langid = {eng}
}

@article{castillo2012,
	title = {Endocannabinoid signaling and synaptic function},
	author = {Castillo, Pablo E. and Younts, Thomas J. and {Chávez}, {Andrés E.} and Hashimotodani, Yuki},
	year = {2012},
	month = {10},
	date = {2012-10-04},
	journal = {Neuron},
	pages = {70--81},
	volume = {76},
	number = {1},
	doi = {10.1016/j.neuron.2012.09.020},
	note = {PMID: 23040807
PMCID: PMC3517813},
	langid = {eng}
}

@article{bredt2003,
	title = {AMPA receptor trafficking at excitatory synapses},
	author = {Bredt, David S. and Nicoll, Roger A.},
	year = {2003},
	month = {10},
	date = {2003-10-09},
	journal = {Neuron},
	pages = {361--379},
	volume = {40},
	number = {2},
	doi = {10.1016/s0896-6273(03)00640-8},
	note = {PMID: 14556714},
	langid = {eng}
}

@article{montgomery2004,
	title = {MAGUKs in synapse assembly and function: an emerging view},
	author = {Montgomery, J. M. and Zamorano, P. L. and Garner, C. C.},
	year = {2004},
	month = {04},
	date = {2004-04},
	journal = {Cellular and molecular life sciences: CMLS},
	pages = {911--929},
	volume = {61},
	number = {7-8},
	doi = {10.1007/s00018-003-3364-5},
	note = {PMID: 15095012},
	langid = {eng}
}

@article{watson2021,
	title = {AMPA receptor anchoring at CA1 synapses is determined by N-terminal domain and TARP γ8 interactions},
	author = {Watson, Jake F. and Pinggera, Alexandra and Ho, Hinze and Greger, Ingo H.},
	year = {2021},
	month = {12},
	date = {2021-12},
	journal = {Nature Communications},
	pages = {5083},
	volume = {12},
	number = {1},
	doi = {10.1038/s41467-021-25281-4},
	url = {https://www.nature.com/articles/s41467-021-25281-4},
	langid = {en}
}

@article{reymann2007,
	title = {The late maintenance of hippocampal LTP: requirements, phases, 'synaptic tagging', 'late-associativity' and implications},
	author = {Reymann, Klaus G. and Frey, Julietta U.},
	year = {2007},
	month = {01},
	date = {2007-01},
	journal = {Neuropharmacology},
	pages = {24--40},
	volume = {52},
	number = {1},
	doi = {10.1016/j.neuropharm.2006.07.026},
	note = {PMID: 16919684},
	langid = {eng}
}

@article{makhinson1999,
	title = {Adenylyl cyclase activation modulates activity-dependent changes in synaptic strength and Ca2+/calmodulin-dependent kinase II autophosphorylation},
	author = {Makhinson, M. and Chotiner, J. K. and Watson, J. B. and {O'Dell}, T. J.},
	year = {1999},
	month = {04},
	date = {1999-04-01},
	journal = {The Journal of Neuroscience: The Official Journal of the Society for Neuroscience},
	pages = {2500--2510},
	volume = {19},
	number = {7},
	note = {PMID: 10087064
PMCID: PMC6786061},
	langid = {eng}
}

@article{matsuzaki2001,
	title = {Dendritic spine geometry is critical for AMPA receptor expression in hippocampal CA1 pyramidal neurons},
	author = {Matsuzaki, M. and Ellis-Davies, G. C. and Nemoto, T. and Miyashita, Y. and Iino, M. and Kasai, H.},
	year = {2001},
	month = {11},
	date = {2001-11},
	journal = {Nature Neuroscience},
	pages = {1086--1092},
	volume = {4},
	number = {11},
	doi = {10.1038/nn736},
	note = {PMID: 11687814
PMCID: PMC4229049},
	langid = {eng}
}

@article{segal2005,
	title = {Dendritic spines and long-term plasticity},
	author = {Segal, Menahem},
	year = {2005},
	month = {04},
	date = {2005-04},
	journal = {Nature Reviews. Neuroscience},
	pages = {277--284},
	volume = {6},
	number = {4},
	doi = {10.1038/nrn1649},
	note = {PMID: 15803159},
	langid = {eng}
}

@article{rønn2000,
	title = {The neural cell adhesion molecule in synaptic plasticity and ageing},
	author = {{Rønn}, L. C. and Berezin, V. and Bock, E.},
	year = {2000},
	month = {06},
	date = {2000-06},
	journal = {International Journal of Developmental Neuroscience: The Official Journal of the International Society for Developmental Neuroscience},
	pages = {193--199},
	volume = {18},
	number = {2-3},
	doi = {10.1016/s0736-5748(99)00088-x},
	note = {PMID: 10715574},
	langid = {eng}
}

@article{craig2007,
	title = {Neurexin-neuroligin signaling in synapse development},
	author = {Craig, Ann Marie and Kang, Yunhee},
	year = {2007},
	month = {02},
	date = {2007-02},
	journal = {Current Opinion in Neurobiology},
	pages = {43--52},
	volume = {17},
	number = {1},
	doi = {10.1016/j.conb.2007.01.011},
	note = {PMID: 17275284
PMCID: PMC2820508},
	langid = {eng}
}

@article{toni1999,
	title = {LTP promotes formation of multiple spine synapses between a single axon terminal and a dendrite},
	author = {Toni, N. and Buchs, P. A. and Nikonenko, I. and Bron, C. R. and Muller, D.},
	year = {1999},
	month = {11},
	date = {1999-11-25},
	journal = {Nature},
	pages = {421--425},
	volume = {402},
	number = {6760},
	doi = {10.1038/46574},
	note = {PMID: 10586883},
	langid = {eng}
}

@article{takesian2013,
	title = {Balancing plasticity/stability across brain development},
	author = {Takesian, Anne E. and Hensch, Takao K.},
	year = {2013},
	date = {2013},
	journal = {Progress in Brain Research},
	pages = {3--34},
	volume = {207},
	doi = {10.1016/B978-0-444-63327-9.00001-1},
	note = {PMID: 24309249},
	langid = {eng}
}

@article{tamnes2010,
	title = {Brain maturation in adolescence and young adulthood: regional age-related changes in cortical thickness and white matter volume and microstructure},
	author = {Tamnes, Christian K. and Ostby, Ylva and Fjell, Anders M. and Westlye, Lars T. and {Due-Tønnessen}, Paulina and Walhovd, Kristine B.},
	year = {2010},
	month = {03},
	date = {2010-03},
	journal = {Cerebral Cortex (New York, N.Y.: 1991)},
	pages = {534--548},
	volume = {20},
	number = {3},
	doi = {10.1093/cercor/bhp118},
	note = {PMID: 19520764},
	langid = {eng}
}

@article{gogolla2009,
	title = {Perineuronal nets protect fear memories from erasure},
	author = {Gogolla, Nadine and Caroni, Pico and {Lüthi}, Andreas and Herry, Cyril},
	year = {2009},
	month = {09},
	date = {2009-09-04},
	journal = {Science (New York, N.Y.)},
	pages = {1258--1261},
	volume = {325},
	number = {5945},
	doi = {10.1126/science.1174146},
	note = {PMID: 19729657},
	langid = {eng}
}

@article{dityatev2003,
	title = {Extracellular matrix molecules and synaptic plasticity},
	author = {Dityatev, Alexander and Schachner, Melitta},
	year = {2003},
	month = {06},
	date = {2003-06},
	journal = {Nature Reviews Neuroscience},
	pages = {456--468},
	volume = {4},
	number = {6},
	doi = {10.1038/nrn1115},
	url = {http://www.nature.com/articles/nrn1115},
	langid = {en}
}

@article{xue2014,
	title = {Depletion of Perineuronal Nets in the Amygdala to Enhance the Erasure of Drug Memories},
	author = {Xue, Y.-X. and Xue, L.-F. and Liu, J.-F. and He, J. and Deng, J.-H. and Sun, S.-C. and Han, H.-B. and Luo, Y.-X. and Xu, L.-Z. and Wu, P. and Lu, L.},
	year = {2014},
	month = {05},
	date = {2014-05-07},
	journal = {Journal of Neuroscience},
	pages = {6647--6658},
	volume = {34},
	number = {19},
	doi = {10.1523/JNEUROSCI.5390-13.2014},
	url = {https://www.jneurosci.org/lookup/doi/10.1523/JNEUROSCI.5390-13.2014},
	langid = {en}
}

@article{tsien2013,
	title = {Very long-term memories may be stored in the pattern of holes in the perineuronal net},
	author = {Tsien, Roger Y.},
	year = {2013},
	month = {07},
	date = {2013-07-23},
	journal = {Proceedings of the National Academy of Sciences},
	pages = {12456--12461},
	volume = {110},
	number = {30},
	doi = {10.1073/pnas.1310158110},
	url = {https://pnas.org/doi/full/10.1073/pnas.1310158110},
	langid = {en}
}

@article{glausier2013,
	title = {Dendritic spine pathology in schizophrenia},
	author = {Glausier, J. R. and Lewis, D. A.},
	year = {2013},
	month = {10},
	date = {2013-10-22},
	journal = {Neuroscience},
	pages = {90--107},
	volume = {251},
	doi = {10.1016/j.neuroscience.2012.04.044},
	note = {PMID: 22546337
PMCID: PMC3413758},
	langid = {eng}
}

@article{moyer2015,
	title = {Dendritic spine alterations in schizophrenia},
	author = {Moyer, Caitlin E. and Shelton, Micah A. and Sweet, Robert A.},
	year = {2015},
	month = {08},
	date = {2015-08-05},
	journal = {Neuroscience Letters},
	pages = {46--53},
	volume = {601},
	doi = {10.1016/j.neulet.2014.11.042},
	note = {PMID: 25478958
PMCID: PMC4454616},
	langid = {eng}
}

@article{shelton2015,
	title = {Loss of Microtubule-Associated Protein 2 Immunoreactivity Linked to Dendritic Spine Loss in Schizophrenia},
	author = {Shelton, Micah A. and Newman, Jason T. and Gu, Hong and Sampson, Allan R. and Fish, Kenneth N. and MacDonald, Matthew L. and Moyer, Caitlin E. and DiBitetto, James V. and Dorph-Petersen, Karl-Anton and Penzes, Peter and Lewis, David A. and Sweet, Robert A.},
	year = {2015},
	month = {09},
	date = {2015-09-15},
	journal = {Biological Psychiatry},
	pages = {374--385},
	volume = {78},
	number = {6},
	doi = {10.1016/j.biopsych.2014.12.029},
	note = {PMID: 25818630
PMCID: PMC4520801},
	langid = {eng}
}

@article{hill2006,
	title = {Molecular mechanisms contributing to dendritic spine alterations in the prefrontal cortex of subjects with schizophrenia},
	author = {Hill, J. J. and Hashimoto, T. and Lewis, D. A.},
	year = {2006},
	month = {06},
	date = {2006-06},
	journal = {Molecular Psychiatry},
	pages = {557--566},
	volume = {11},
	number = {6},
	doi = {10.1038/sj.mp.4001792},
	note = {PMID: 16402129},
	langid = {eng}
}

@article{akbarian1996,
	title = {Selective alterations in gene expression for NMDA receptor subunits in prefrontal cortex of schizophrenics},
	author = {Akbarian, S. and Sucher, N. J. and Bradley, D. and Tafazzoli, A. and Trinh, D. and Hetrick, W. P. and Potkin, S. G. and Sandman, C. A. and Bunney, W. E. and Jones, E. G.},
	year = {1996},
	month = {01},
	date = {1996-01},
	journal = {The Journal of Neuroscience: The Official Journal of the Society for Neuroscience},
	pages = {19--30},
	volume = {16},
	number = {1},
	note = {PMID: 8613785
PMCID: PMC6578738},
	langid = {eng}
}

@article{kirov2012,
	title = {De novo CNV analysis implicates specific abnormalities of postsynaptic signalling complexes in the pathogenesis of schizophrenia},
	author = {Kirov, G and Pocklington, A J and Holmans, P and Ivanov, D and Ikeda, M and Ruderfer, D and Moran, J and Chambert, K and Toncheva, D and Georgieva, L and Grozeva, D and Fjodorova, M and Wollerton, R and Rees, E and Nikolov, I and van de Lagemaat, L N and {Bayés}, {À} and Fernandez, E and Olason, P I and {Böttcher}, Y and Komiyama, N H and Collins, M O and Choudhary, J and Stefansson, K and Stefansson, H and Grant, S G N and Purcell, S and Sklar, P and {O'Donovan}, M C and Owen, M J},
	year = {2012},
	month = {02},
	date = {2012-02},
	journal = {Molecular Psychiatry},
	pages = {142--153},
	volume = {17},
	number = {2},
	doi = {10.1038/mp.2011.154},
	url = {http://www.nature.com/articles/mp2011154},
	langid = {en}
}

@article{berdenisvanberlekom2019,
	title = {Synapse Pathology in Schizophrenia: A Meta-analysis of Postsynaptic Elements in Postmortem Brain Studies},
	author = {Berdenis van Berlekom, Amber and Muflihah, Cita H and Snijders, Gijsje J L J and MacGillavry, Harold D and Middeldorp, Jinte and Hol, Elly M and Kahn, {René S} and de Witte, Lot D},
	year = {2019},
	month = {06},
	date = {2019-06-13},
	journal = {Schizophrenia Bulletin},
	pages = {sbz060},
	doi = {10.1093/schbul/sbz060},
	url = {https://academic.oup.com/schizophreniabulletin/advance-article/doi/10.1093/schbul/sbz060/5514551},
	langid = {en}
}

@article{föcking2015,
	title = {Proteomic and genomic evidence implicates the postsynaptic density in schizophrenia},
	author = {{Föcking}, M. and Lopez, L. M. and English, J. A. and Dicker, P. and Wolff, A. and Brindley, E. and Wynne, K. and Cagney, G. and Cotter, D. R.},
	year = {2015},
	month = {04},
	date = {2015-04},
	journal = {Molecular Psychiatry},
	pages = {424--432},
	volume = {20},
	number = {4},
	doi = {10.1038/mp.2014.63},
	note = {PMID: 25048004},
	langid = {eng}
}

@article{fromer2014,
	title = {De novo mutations in schizophrenia implicate synaptic networks},
	author = {Fromer, Menachem and Pocklington, Andrew J. and Kavanagh, David H. and Williams, Hywel J. and Dwyer, Sarah and Gormley, Padhraig and Georgieva, Lyudmila and Rees, Elliott and Palta, Priit and Ruderfer, Douglas M. and Carrera, Noa and Humphreys, Isla and Johnson, Jessica S. and Roussos, Panos and Barker, Douglas D. and Banks, Eric and Milanova, Vihra and Grant, Seth G. and Hannon, Eilis and Rose, Samuel A. and Chambert, Kimberly and Mahajan, Milind and Scolnick, Edward M. and Moran, Jennifer L. and Kirov, George and Palotie, Aarno and McCarroll, Steven A. and Holmans, Peter and Sklar, Pamela and Owen, Michael J. and Purcell, Shaun M. and {O'Donovan}, Michael C.},
	year = {2014},
	month = {02},
	date = {2014-02-13},
	journal = {Nature},
	pages = {179--184},
	volume = {506},
	number = {7487},
	doi = {10.1038/nature12929},
	note = {PMID: 24463507
PMCID: PMC4237002},
	langid = {eng}
}

@article{schizophreniaworkinggroupofthepsychiatricgenomicsconsortium2014,
	title = {Biological insights from 108 schizophrenia-associated genetic loci},
	author = {Schizophrenia Working Group of the Psychiatric Genomics Consortium, },
	year = {2014},
	month = {07},
	date = {2014-07-24},
	journal = {Nature},
	pages = {421--427},
	volume = {511},
	number = {7510},
	doi = {10.1038/nature13595},
	note = {PMID: 25056061
PMCID: PMC4112379},
	langid = {eng}
}

@article{bitanihirwe2014,
	title = {Perineuronal nets and schizophrenia: The importance of neuronal coatings},
	author = {Bitanihirwe, Byron K.Y. and Woo, Tsung-Ung W.},
	year = {2014},
	month = {09},
	date = {2014-09},
	journal = {Neuroscience & Biobehavioral Reviews},
	pages = {85--99},
	volume = {45},
	doi = {10.1016/j.neubiorev.2014.03.018},
	url = {https://linkinghub.elsevier.com/retrieve/pii/S0149763414000748},
	langid = {en}
}

@article{multicentergeneticstudiesofschizophreniaconsortium2013,
	title = {Genome-wide association analysis identifies 13 new risk loci for schizophrenia},
	author = {Multicenter Genetic Studies of Schizophrenia Consortium,  and Psychosis Endophenotypes International Consortium,  and Wellcome Trust Case Control Consortium 2,  and Ripke, Stephan and {O'Dushlaine}, Colm and Chambert, Kimberly and Moran, Jennifer L and {Kähler}, Anna K and Akterin, Susanne and Bergen, Sarah E and Collins, Ann L and Crowley, James J and Fromer, Menachem and Kim, Yunjung and Lee, Sang Hong and Magnusson, Patrik K E and Sanchez, Nick and Stahl, Eli A and Williams, Stephanie and Wray, Naomi R and Xia, Kai and Bettella, Francesco and Borglum, Anders D and Bulik-Sullivan, Brendan K and Cormican, Paul and Craddock, Nick and de Leeuw, Christiaan and Durmishi, Naser and Gill, Michael and Golimbet, Vera and Hamshere, Marian L and Holmans, Peter and Hougaard, David M and Kendler, Kenneth S and Lin, Kuang and Morris, Derek W and Mors, Ole and Mortensen, Preben B and Neale, Benjamin M and {O'Neill}, Francis A and Owen, Michael J and Milovancevic, Milica Pejovic and Posthuma, Danielle and Powell, John and Richards, Alexander L and Riley, Brien P and Ruderfer, Douglas and Rujescu, Dan and Sigurdsson, Engilbert and Silagadze, Teimuraz and Smit, August B and Stefansson, Hreinn and Steinberg, Stacy and Suvisaari, Jaana and Tosato, Sarah and Verhage, Matthijs and Walters, James T and Bramon, Elvira and Corvin, Aiden P and {O'Donovan}, Michael C and Stefansson, Kari and Scolnick, Edward and Purcell, Shaun and McCarroll, Steven A and Sklar, Pamela and Hultman, Christina M and Sullivan, Patrick F},
	year = {2013},
	month = {10},
	date = {2013-10},
	journal = {Nature Genetics},
	pages = {1150--1159},
	volume = {45},
	number = {10},
	doi = {10.1038/ng.2742},
	url = {http://www.nature.com/articles/ng.2742},
	langid = {en}
}

@article{pietersen2014,
	title = {Molecular Profiles of Parvalbumin-Immunoreactive Neurons in the Superior Temporal Cortex in Schizophrenia},
	author = {Pietersen, Charmaine Y. and Mauney, Sarah A. and Kim, Susie S. and Passeri, Eleonora and Lim, Maribel P. and Rooney, Robert J. and Goldstein, Jill M. and Petreyshen, Tracey L. and Seidman, Larry J. and Shenton, Martha E. and Mccarley, Robert W. and Sonntag, Kai-C. and Woo, Tsung-Ung W.},
	year = {2014},
	month = {06},
	date = {2014-06},
	journal = {Journal of Neurogenetics},
	pages = {70--85},
	volume = {28},
	number = {1-2},
	doi = {10.3109/01677063.2013.878339},
	url = {http://www.tandfonline.com/doi/full/10.3109/01677063.2013.878339},
	langid = {en}
}

@article{dow2011,
	title = {ADAMTSL3 as a candidate gene for schizophrenia: gene sequencing and ultra-high density association analysis by imputation},
	author = {Dow, David J. and Huxley-Jones, Julie and Hall, Jamie M. and Francks, Clyde and Maycox, Peter R. and Kew, James N. C. and Gloger, Israel S. and Mehta, Nalini A. L. and Kelly, Fiona M. and Muglia, Pierandrea and Breen, Gerome and Jugurnauth, Sarah and Pederoso, Inti and St Clair, David and Rujescu, Dan and Barnes, Michael R.},
	year = {2011},
	month = {04},
	date = {2011-04},
	journal = {Schizophrenia Research},
	pages = {28--34},
	volume = {127},
	number = {1-3},
	doi = {10.1016/j.schres.2010.12.009},
	note = {PMID: 21239144},
	langid = {eng}
}

@article{mcgrath2013,
	title = {Genetic predictors of risk and resilience in psychiatric disorders: a cross-disorder genome-wide association study of functional impairment in major depressive disorder, bipolar disorder, and schizophrenia},
	author = {McGrath, Lauren M. and Cornelis, Marilyn C. and Lee, Phil H. and Robinson, Elise B. and Duncan, Laramie E. and Barnett, Jennifer H. and Huang, Jie and Gerber, Gloria and Sklar, Pamela and Sullivan, Patrick and Perlis, Roy H. and Smoller, Jordan W.},
	year = {2013},
	month = {12},
	date = {2013-12},
	journal = {American Journal of Medical Genetics. Part B, Neuropsychiatric Genetics: The Official Publication of the International Society of Psychiatric Genetics},
	pages = {779--788},
	volume = {162B},
	number = {8},
	doi = {10.1002/ajmg.b.32190},
	note = {PMID: 24039173
PMCID: PMC4019336},
	langid = {eng}
}

@article{fiebig2017,
	title = {A Spiking Working Memory Model Based on Hebbian Short-Term Potentiation},
	author = {Fiebig, Florian and Lansner, Anders},
	year = {2017},
	month = {01},
	date = {2017-01-04},
	journal = {The Journal of Neuroscience},
	pages = {83--96},
	volume = {37},
	number = {1},
	doi = {10.1523/JNEUROSCI.1989-16.2016},
	url = {https://www.jneurosci.org/lookup/doi/10.1523/JNEUROSCI.1989-16.2016},
	langid = {en}
}

@article{feinberg1982,
	title = {Schizophrenia: caused by a fault in programmed synaptic elimination during adolescence?},
	author = {Feinberg, I.},
	year = {1982},
	date = {1982},
	journal = {Journal of Psychiatric Research},
	pages = {319--334},
	volume = {17},
	number = {4},
	doi = {10.1016/0022-3956(82)90038-3},
	note = {PMID: 7187776},
	langid = {eng}
}

@article{stephan2009,
	title = {Dysconnection in schizophrenia: from abnormal synaptic plasticity to failures of self-monitoring},
	author = {Stephan, Klaas E. and Friston, Karl J. and Frith, Chris D.},
	year = {2009},
	month = {05},
	date = {2009-05},
	journal = {Schizophrenia Bulletin},
	pages = {509--527},
	volume = {35},
	number = {3},
	doi = {10.1093/schbul/sbn176},
	note = {PMID: 19155345
PMCID: PMC2669579},
	langid = {eng}
}

@article{krystal2017,
	title = {Impaired Tuning of Neural Ensembles and the Pathophysiology of Schizophrenia: A Translational and Computational Neuroscience Perspective},
	author = {Krystal, John H. and Anticevic, Alan and Yang, Genevieve J. and Dragoi, George and Driesen, Naomi R. and Wang, Xiao-Jing and Murray, John D.},
	year = {2017},
	month = {05},
	date = {2017-05},
	journal = {Biological Psychiatry},
	pages = {874--885},
	volume = {81},
	number = {10},
	doi = {10.1016/j.biopsych.2017.01.004},
	url = {https://linkinghub.elsevier.com/retrieve/pii/S0006322317300367},
	langid = {en}
}

@article{anderson2021,
	title = {Active Forgetting: Adaptation of Memory by Prefrontal Control},
	author = {Anderson, Michael C. and Hulbert, Justin C.},
	year = {2021},
	month = {01},
	date = {2021-01-04},
	journal = {Annual Review of Psychology},
	pages = {1--36},
	volume = {72},
	number = {1},
	doi = {10.1146/annurev-psych-072720-094140},
	url = {https://www.annualreviews.org/doi/10.1146/annurev-psych-072720-094140},
	langid = {en}
}

@article{kapur2003,
	title = {Psychosis as a state of aberrant salience: a framework linking biology, phenomenology, and pharmacology in schizophrenia},
	author = {Kapur, Shitij},
	year = {2003},
	month = {01},
	date = {2003-01},
	journal = {The American Journal of Psychiatry},
	pages = {13--23},
	volume = {160},
	number = {1},
	doi = {10.1176/appi.ajp.160.1.13},
	note = {PMID: 12505794},
	langid = {eng}
}

@article{heckers1991,
	title = {Cortex, white matter, and basal ganglia in schizophrenia: a volumetric postmortem study},
	author = {Heckers, S. and Heinsen, H. and Heinsen, Y. and Beckmann, H.},
	year = {1991},
	month = {03},
	date = {1991-03-15},
	journal = {Biological Psychiatry},
	pages = {556--566},
	volume = {29},
	number = {6},
	doi = {10.1016/0006-3223(91)90091-y},
	note = {PMID: 2054430},
	langid = {eng}
}

@article{bilder1994,
	title = {Cerebral morphometry and clozapine treatment in schizophrenia},
	author = {Bilder, R. M. and Wu, H. and Chakos, M. H. and Bogerts, B. and Pollack, S. and Aronowitz, J. and Ashtari, M. and Degreef, G. and Kane, J. M. and Lieberman, J. A.},
	year = {1994},
	month = {09},
	date = {1994-09},
	journal = {The Journal of Clinical Psychiatry},
	pages = {53--56},
	volume = {55 Suppl B},
	note = {PMID: 7961574},
	langid = {eng}
}

@article{chakos1994,
	title = {Increase in caudate nuclei volumes of first-episode schizophrenic patients taking antipsychotic drugs},
	author = {Chakos, M. H. and Lieberman, J. A. and Bilder, R. M. and Borenstein, M. and Lerner, G. and Bogerts, B. and Wu, H. and Kinon, B. and Ashtari, M.},
	year = {1994},
	month = {10},
	date = {1994-10},
	journal = {The American Journal of Psychiatry},
	pages = {1430--1436},
	volume = {151},
	number = {10},
	doi = {10.1176/ajp.151.10.1430},
	note = {PMID: 7916539},
	langid = {eng}
}

@article{andersen2020,
	title = {Striatal Volume Increase After Six Weeks of Selective Dopamine D2/3 Receptor Blockade in First-Episode, Antipsychotic-Naïve Schizophrenia Patients},
	author = {Andersen, Helle G. and Raghava, Jayachandra M. and Svarer, Claus and Wulff, Sanne and Johansen, Louise B. and Antonsen, Patrick K. and Nielsen, {Mette Ø.} and Rostrup, Egill and Vernon, Anthony C. and Jensen, Lars T. and Pinborg, Lars H. and {Glenthøj}, Birte Y. and Ebdrup, {Bjørn H.}},
	year = {2020},
	month = {05},
	date = {2020-05-20},
	journal = {Frontiers in Neuroscience},
	pages = {484},
	volume = {14},
	doi = {10.3389/fnins.2020.00484},
	url = {https://www.frontiersin.org/article/10.3389/fnins.2020.00484/full}
}

@article{konradi2001,
	title = {Antipsychotic drugs and neuroplasticity: insights into the treatment and neurobiology of schizophrenia},
	author = {Konradi, C. and Heckers, S.},
	year = {2001},
	month = {11},
	date = {2001-11-15},
	journal = {Biological Psychiatry},
	pages = {729--742},
	volume = {50},
	number = {10},
	doi = {10.1016/s0006-3223(01)01267-7},
	note = {PMID: 11720691
PMCID: PMC4205586},
	langid = {eng}
}

@article{roberts1995,
	title = {Ultrastructural correlates of haloperidol-induced oral dyskinesias in rat striatum},
	author = {Roberts, R. C. and Gaither, L. A. and Gao, X. M. and Kashyap, S. M. and Tamminga, C. A.},
	year = {1995},
	month = {07},
	date = {1995-07},
	journal = {Synapse (New York, N.Y.)},
	pages = {234--243},
	volume = {20},
	number = {3},
	doi = {10.1002/syn.890200307},
	note = {PMID: 7570355},
	langid = {eng}
}

@article{tarazi2003,
	title = {Long-term effects of olanzapine, risperidone, and quetiapine on ionotropic glutamate receptor types: implications for antipsychotic drug treatment},
	author = {Tarazi, Frank I. and Baldessarini, Ross J. and Kula, Nora S. and Zhang, Kehong},
	year = {2003},
	month = {09},
	date = {2003-09},
	journal = {The Journal of Pharmacology and Experimental Therapeutics},
	pages = {1145--1151},
	volume = {306},
	number = {3},
	doi = {10.1124/jpet.103.052597},
	note = {PMID: 12829726},
	langid = {eng}
}

@article{leveque2000,
	title = {Intracellular modulation of NMDA receptor function by antipsychotic drugs},
	author = {Leveque, J. C. and {Macías}, W. and Rajadhyaksha, A. and Carlson, R. R. and Barczak, A. and Kang, S. and Li, X. M. and Coyle, J. T. and Huganir, R. L. and Heckers, S. and Konradi, C.},
	year = {2000},
	month = {06},
	date = {2000-06-01},
	journal = {The Journal of Neuroscience: The Official Journal of the Society for Neuroscience},
	pages = {4011--4020},
	volume = {20},
	number = {11},
	note = {PMID: 10818136
PMCID: PMC4203343},
	langid = {eng}
}

@article{barygin2017,
	title = {Inhibition of the NMDA and AMPA receptor channels by antidepressants and antipsychotics},
	author = {Barygin, Oleg I. and Nagaeva, Elina I. and Tikhonov, Denis B. and Belinskaya, Darya A. and Vanchakova, Nina P. and Shestakova, Natalia N.},
	year = {2017},
	month = {04},
	date = {2017-04-01},
	journal = {Brain Research},
	pages = {58--66},
	volume = {1660},
	doi = {10.1016/j.brainres.2017.01.028},
	note = {PMID: 28167075},
	langid = {eng}
}

@article{terry2007,
	title = {Protracted effects of chronic oral haloperidol and risperidone on nerve growth factor, cholinergic neurons, and spatial reference learning in rats},
	author = {Terry, A. V. and Gearhart, D. A. and Warner, S. and Hohnadel, E. J. and Middlemore, M.-L. and Zhang, G. and Bartlett, M. G. and Mahadik, S. P.},
	year = {2007},
	month = {12},
	date = {2007-12-05},
	journal = {Neuroscience},
	pages = {413--424},
	volume = {150},
	number = {2},
	doi = {10.1016/j.neuroscience.2007.09.014},
	note = {PMID: 17942237
PMCID: PMC2200296},
	langid = {eng}
}

@article{ho2011,
	title = {Long-term antipsychotic treatment and brain volumes: a longitudinal study of first-episode schizophrenia},
	author = {Ho, Beng-Choon and Andreasen, Nancy C. and Ziebell, Steven and Pierson, Ronald and Magnotta, Vincent},
	year = {2011},
	month = {02},
	date = {2011-02},
	journal = {Archives of General Psychiatry},
	pages = {128--137},
	volume = {68},
	number = {2},
	doi = {10.1001/archgenpsychiatry.2010.199},
	note = {PMID: 21300943
PMCID: PMC3476840},
	langid = {eng}
}

@article{chopra2021,
	title = {Differentiating the effect of antipsychotic medication and illness on brain volume reductions in first-episode psychosis: A Longitudinal, Randomised, Triple-blind, Placebo-controlled MRI Study},
	author = {Chopra, Sidhant and Fornito, Alex and Francey, Shona M. and {O{\textquoteright}Donoghue}, Brian and Cropley, Vanessa and Nelson, Barnaby and Graham, Jessica and Baldwin, Lara and Tahtalian, Steven and Yuen, Hok Pan and Allott, Kelly and Alvarez-Jimenez, Mario and Harrigan, Susy and Sabaroedin, Kristina and Pantelis, Christos and Wood, Stephen J. and McGorry, Patrick},
	year = {2021},
	month = {07},
	date = {2021-07},
	journal = {Neuropsychopharmacology},
	pages = {1494--1501},
	volume = {46},
	number = {8},
	doi = {10.1038/s41386-021-00980-0},
	url = {http://www.nature.com/articles/s41386-021-00980-0},
	langid = {en}
}

@article{lieberman2005,
	title = {Antipsychotic drug effects on brain morphology in first-episode psychosis},
	author = {Lieberman, Jeffrey A. and Tollefson, Gary D. and Charles, Cecil and Zipursky, Robert and Sharma, Tonmoy and Kahn, Rene S. and Keefe, Richard S. E. and Green, Alan I. and Gur, Raquel E. and McEvoy, Joseph and Perkins, Diana and Hamer, Robert M. and Gu, Hongbin and Tohen, Mauricio and HGDH Study Group, },
	year = {2005},
	month = {04},
	date = {2005-04},
	journal = {Archives of General Psychiatry},
	pages = {361--370},
	volume = {62},
	number = {4},
	doi = {10.1001/archpsyc.62.4.361},
	note = {PMID: 15809403},
	langid = {eng}
}

@article{vita2012,
	title = {Progressive loss of cortical gray matter in schizophrenia: a meta-analysis and meta-regression of longitudinal MRI studies},
	author = {Vita, A. and De Peri, L. and Deste, G. and Sacchetti, E.},
	year = {2012},
	month = {11},
	date = {2012-11-20},
	journal = {Translational Psychiatry},
	pages = {e190},
	volume = {2},
	doi = {10.1038/tp.2012.116},
	note = {PMID: 23168990
PMCID: PMC3565772},
	langid = {eng}
}

@article{vanerp2018,
	title = {Cortical Brain Abnormalities in 4474 Individuals With Schizophrenia and 5098 Control Subjects via the Enhancing Neuro Imaging Genetics Through Meta Analysis (ENIGMA) Consortium},
	author = {van Erp, Theo G.M. and Walton, Esther and Hibar, Derrek P. and Schmaal, Lianne and Jiang, Wenhao and Glahn, David C. and Pearlson, Godfrey D. and Yao, Nailin and Fukunaga, Masaki and Hashimoto, Ryota and Okada, Naohiro and Yamamori, Hidenaga and Bustillo, Juan R. and Clark, Vincent P. and Agartz, Ingrid and Mueller, Bryon A. and Cahn, Wiepke and de Zwarte, Sonja M.C. and Hulshoff Pol, Hilleke E. and Kahn, {René S.} and Ophoff, Roel A. and van Haren, Neeltje E.M. and Andreassen, Ole A. and Dale, Anders M. and Doan, Nhat Trung and Gurholt, Tiril P. and Hartberg, Cecilie B. and Haukvik, Unn K. and {Jørgensen}, Kjetil N. and Lagerberg, Trine V. and Melle, Ingrid and Westlye, Lars T. and Gruber, Oliver and Kraemer, Bernd and Richter, Anja and Zilles, David and Calhoun, Vince D. and Crespo-Facorro, Benedicto and {Roiz-Santiañez}, Roberto and {Tordesillas-Gutiérrez}, Diana and Loughland, Carmel and Carr, Vaughan J. and Catts, Stanley and Cropley, Vanessa L. and Fullerton, Janice M. and Green, Melissa J. and Henskens, Frans A. and Jablensky, Assen and Lenroot, Rhoshel K. and Mowry, Bryan J. and Michie, Patricia T. and Pantelis, Christos and {Quidé}, Yann and Schall, Ulrich and Scott, Rodney J. and Cairns, Murray J. and Seal, Marc and Tooney, Paul A. and Rasser, Paul E. and Cooper, Gavin and Shannon Weickert, Cynthia and Weickert, Thomas W. and Morris, Derek W. and Hong, Elliot and Kochunov, Peter and Beard, Lauren M. and Gur, Raquel E. and Gur, Ruben C. and Satterthwaite, Theodore D. and Wolf, Daniel H. and Belger, Aysenil and Brown, Gregory G. and Ford, Judith M. and Macciardi, Fabio and Mathalon, Daniel H. and {O{\textquoteright}Leary}, Daniel S. and Potkin, Steven G. and Preda, Adrian and Voyvodic, James and Lim, Kelvin O. and McEwen, Sarah and Yang, Fude and Tan, Yunlong and Tan, Shuping and Wang, Zhiren and Fan, Fengmei and Chen, Jingxu and Xiang, Hong and Tang, Shiyou and Guo, Hua and Wan, Ping and Wei, Dong and Bockholt, Henry J. and Ehrlich, Stefan and Wolthusen, Rick P.F. and King, Margaret D. and Shoemaker, Jody M. and Sponheim, Scott R. and De Haan, Lieuwe and Koenders, Laura and Machielsen, Marise W. and van Amelsvoort, Therese and Veltman, Dick J. and Assogna, Francesca and Banaj, Nerisa and de Rossi, Pietro and Iorio, Mariangela and Piras, Fabrizio and Spalletta, Gianfranco and McKenna, Peter J. and Pomarol-Clotet, Edith and Salvador, Raymond and Corvin, Aiden and Donohoe, Gary and Kelly, Sinead and Whelan, Christopher D. and Dickie, Erin W. and Rotenberg, David and Voineskos, Aristotle N. and Ciufolini, Simone and Radua, Joaquim and Dazzan, Paola and Murray, Robin and Reis Marques, Tiago and Simmons, Andrew and Borgwardt, Stefan and Egloff, Laura and Harrisberger, Fabienne and {Riecher-Rössler}, Anita and Smieskova, Renata and Alpert, Kathryn I. and Wang, Lei and {Jönsson}, Erik G. and Koops, Sanne and Sommer, Iris E.C. and Bertolino, Alessandro and Bonvino, Aurora and Di Giorgio, Annabella and Neilson, Emma and Mayer, Andrew R. and Stephen, Julia M. and Kwon, Jun Soo and Yun, Je-Yeon and Cannon, Dara M. and McDonald, Colm and Lebedeva, Irina and Tomyshev, Alexander S. and Akhadov, Tolibjohn and Kaleda, Vasily and Fatouros-Bergman, Helena and Flyckt, Lena and Busatto, Geraldo F. and Rosa, Pedro G.P. and Serpa, Mauricio H. and Zanetti, Marcus V. and Hoschl, Cyril and Skoch, Antonin and Spaniel, Filip and Tomecek, David and Hagenaars, Saskia P. and McIntosh, Andrew M. and Whalley, Heather C. and Lawrie, Stephen M. and {Knöchel}, Christian and {Oertel-Knöchel}, Viola and {Stäblein}, Michael and Howells, Fleur M. and Stein, Dan J. and Temmingh, Henk S. and Uhlmann, Anne and Lopez-Jaramillo, Carlos and Dima, Danai and McMahon, Agnes and Faskowitz, Joshua I. and Gutman, Boris A. and Jahanshad, Neda and Thompson, Paul M. and Turner, Jessica A. and Farde, Lars and Flyckt, Lena and Engberg, {Göran} and Erhardt, Sophie and Fatouros-Bergman, Helena and Cervenka, Simon and Schwieler, Lilly and Piehl, Fredrik and Agartz, Ingrid and Collste, Karin and Victorsson, Pauliina and Malmqvist, Anna and Hedberg, Mikael and Orhan, Funda},
	year = {2018},
	month = {11},
	date = {2018-11},
	journal = {Biological Psychiatry},
	pages = {644--654},
	volume = {84},
	number = {9},
	doi = {10.1016/j.biopsych.2018.04.023},
	url = {https://linkinghub.elsevier.com/retrieve/pii/S0006322318315178},
	langid = {en}
}

@article{ahmed2015,
	title = {Progressive Brain Atrophy and Cortical Thinning in Schizophrenia after Commencing Clozapine Treatment},
	author = {Ahmed, Mohamed and Cannon, Dara M. and Scanlon, Cathy and Holleran, Laurena and Schmidt, Heike and McFarland, John and Langan, Camilla and McCarthy, Peter and Barker, Gareth J. and Hallahan, Brian and McDonald, Colm},
	year = {2015},
	month = {09},
	date = {2015-09},
	journal = {Neuropsychopharmacology: Official Publication of the American College of Neuropsychopharmacology},
	pages = {2409--2417},
	volume = {40},
	number = {10},
	doi = {10.1038/npp.2015.90},
	note = {PMID: 25829144
PMCID: PMC4538355},
	langid = {eng}
}

@article{hunsberger2009,
	title = {The neurotrophic and neuroprotective effects of psychotropic agents},
	author = {Hunsberger, Joshua and Austin, Daniel R. and Henter, Ioline D. and Chen, Guang},
	year = {2009},
	date = {2009},
	journal = {Dialogues in Clinical Neuroscience},
	pages = {333--348},
	volume = {11},
	number = {3},
	note = {PMID: 19877500
PMCID: PMC2804881},
	langid = {eng}
}

@article{keks2016,
	title = {Lurasidone: an antipsychotic with antidepressant effects in bipolar depression?},
	author = {Keks, Nicholas A. and Hope, Judy and Castle, David},
	year = {2016},
	month = {06},
	date = {2016-06},
	journal = {Australasian Psychiatry: Bulletin of Royal Australian and New Zealand College of Psychiatrists},
	pages = {289--291},
	volume = {24},
	number = {3},
	doi = {10.1177/1039856216641309},
	note = {PMID: 27036122},
	langid = {eng}
}

@article{fumagalli2012,
	title = {Modulation of BDNF expression by repeated treatment with the novel antipsychotic lurasidone under basal condition and in response to acute stress},
	author = {Fumagalli, Fabio and Calabrese, Francesca and Luoni, Alessia and Bolis, Francesca and Racagni, Giorgio and Riva, Marco A.},
	year = {2012},
	month = {03},
	date = {2012-03},
	journal = {The International Journal of Neuropsychopharmacology},
	pages = {235--246},
	volume = {15},
	number = {2},
	doi = {10.1017/S1461145711000150},
	note = {PMID: 21349227},
	langid = {eng}
}

@article{luoni2014,
	title = {Delayed BDNF alterations in the prefrontal cortex of rats exposed to prenatal stress: Preventive effect of lurasidone treatment during adolescence},
	author = {Luoni, A. and Berry, A. and Calabrese, F. and Capoccia, S. and Bellisario, V. and Gass, P. and Cirulli, F. and Riva, M.A.},
	year = {2014},
	month = {06},
	date = {2014-06},
	journal = {European Neuropsychopharmacology},
	pages = {986--995},
	volume = {24},
	number = {6},
	doi = {10.1016/j.euroneuro.2013.12.010},
	url = {https://linkinghub.elsevier.com/retrieve/pii/S0924977X13003556},
	langid = {en}
}

@article{park2011,
	title = {Effects of antipsychotic drugs on BDNF, GSK-3β, and β-catenin expression in rats subjected to immobilization stress},
	author = {Park, Sung Woo and Phuong, Vu Thi and Lee, Chan Hong and Lee, Jung Goo and Seo, Mi Kyoung and Cho, Hye Yeon and Fang, Zheng Huan and Lee, Bong Ju and Kim, Young Hoon},
	year = {2011},
	month = {12},
	date = {2011-12},
	journal = {Neuroscience Research},
	pages = {335--340},
	volume = {71},
	number = {4},
	doi = {10.1016/j.neures.2011.08.010},
	url = {https://linkinghub.elsevier.com/retrieve/pii/S0168010211020633},
	langid = {en}
}
