
@article{misgeld2017,
	title = {Mitostasis in Neurons: Maintaining Mitochondria in an Extended Cellular Architecture},
	author = {Misgeld, Thomas and Schwarz, Thomas L.},
	year = {2017},
	month = {11},
	date = {2017-11},
	journal = {Neuron},
	pages = {651--666},
	volume = {96},
	number = {3},
	doi = {10.1016/j.neuron.2017.09.055},
	url = {https://linkinghub.elsevier.com/retrieve/pii/S0896627317309248},
	langid = {en}
}

@article{mishra2014,
	title = {Mitochondrial dynamics and inheritance during cell division, development and disease},
	author = {Mishra, Prashant and Chan, David C.},
	year = {2014},
	month = {10},
	date = {2014-10},
	journal = {Nature Reviews. Molecular Cell Biology},
	pages = {634--646},
	volume = {15},
	number = {10},
	doi = {10.1038/nrm3877},
	note = {PMID: 25237825
PMCID: PMC4250044},
	langid = {eng}
}

@article{youle2012,
	title = {Mitochondrial fission, fusion, and stress},
	author = {Youle, Richard J. and van der Bliek, Alexander M.},
	year = {2012},
	month = {08},
	date = {2012-08-31},
	journal = {Science (New York, N.Y.)},
	pages = {1062--1065},
	volume = {337},
	number = {6098},
	doi = {10.1126/science.1219855},
	note = {PMID: 22936770
PMCID: PMC4762028},
	langid = {eng}
}

@article{pickrell2015,
	title = {The Roles of PINK1, Parkin, and Mitochondrial Fidelity in Parkinson{\textquoteright}s Disease},
	author = {Pickrell, {Alicia M.} and Youle, {Richard J.}},
	year = {2015},
	month = {01},
	date = {2015-01},
	journal = {Neuron},
	pages = {257--273},
	volume = {85},
	number = {2},
	doi = {10.1016/j.neuron.2014.12.007},
	url = {https://linkinghub.elsevier.com/retrieve/pii/S0896627314010885},
	langid = {en}
}

@article{benshachar2017,
	title = {Mitochondrial multifaceted dysfunction in schizophrenia; complex I as a possible pathological target},
	author = {Ben-Shachar, Dorit},
	year = {2017},
	month = {09},
	date = {2017-09},
	journal = {Schizophrenia Research},
	pages = {3--10},
	volume = {187},
	doi = {10.1016/j.schres.2016.10.022},
	url = {https://linkinghub.elsevier.com/retrieve/pii/S0920996416304662},
	langid = {en}
}

@article{rollins2017,
	title = {Mitochondrial Complex I Deficiency in Schizophrenia and Bipolar Disorder and Medication Influence},
	author = {Rollins, Brandi L. and Morgan, Ling and Hjelm, Brooke E. and Sequeira, Adolfo and Schatzberg, Alan F. and Barchas, Jack D. and Lee, Francis S. and Myers, Rick M. and Watson, Stanley J. and Akil, Huda and Potkin, Steven G. and Bunney, William E. and Vawter, Marquis P.},
	year = {2017},
	date = {2017},
	journal = {Complex Psychiatry},
	pages = {157--169},
	volume = {3},
	number = {3},
	doi = {10.1159/000484348},
	url = {https://www.karger.com/Article/FullText/484348},
	langid = {en}
}

@article{benshachar2007,
	title = {Sp1 expression is disrupted in schizophrenia; a possible mechanism for the abnormal expression of mitochondrial complex I genes, NDUFV1 and NDUFV2},
	author = {Ben-Shachar, Dorit and Karry, Rachel},
	year = {2007},
	month = {09},
	date = {2007-09-05},
	journal = {PloS One},
	pages = {e817},
	volume = {2},
	number = {9},
	doi = {10.1371/journal.pone.0000817},
	note = {PMID: 17786189
PMCID: PMC1950689},
	langid = {eng}
}

@article{bergman2020,
	title = {NDUFV2 pseudogene (NDUFV2P1) contributes to mitochondrial complex I deficits in schizophrenia},
	author = {Bergman, Oded and Karry, Rachel and Milhem, Jumana and Ben-Shachar, Dorit},
	year = {2020},
	month = {04},
	date = {2020-04},
	journal = {Molecular Psychiatry},
	pages = {805--820},
	volume = {25},
	number = {4},
	doi = {10.1038/s41380-018-0309-9},
	note = {PMID: 30531937},
	langid = {eng}
}

@article{kvajo2008,
	title = {Evidence implicating the candidate schizophrenia/bipolar disorder susceptibility gene G72 in mitochondrial function},
	author = {Kvajo, M and Dhilla, A and Swor, D E and Karayiorgou, M and Gogos, J A},
	year = {2008},
	month = {07},
	date = {2008-07},
	journal = {Molecular Psychiatry},
	pages = {685--696},
	volume = {13},
	number = {7},
	doi = {10.1038/sj.mp.4002052},
	url = {https://www.nature.com/articles/4002052},
	langid = {en}
}

@article{sacchi2016,
	title = {G72 primate-specific gene: a still enigmatic element in psychiatric disorders},
	author = {Sacchi, Silvia and Binelli, Giorgio and Pollegioni, Loredano},
	year = {2016},
	month = {05},
	date = {2016-05},
	journal = {Cellular and molecular life sciences: CMLS},
	pages = {2029--2039},
	volume = {73},
	number = {10},
	doi = {10.1007/s00018-016-2165-6},
	note = {PMID: 26914235},
	langid = {eng}
}

@article{ogawa2014,
	title = {DISC1 complexes with TRAK1 and Miro1 to modulate anterograde axonal mitochondrial trafficking},
	author = {Ogawa, Fumiaki and Malavasi, Elise L. V. and Crummie, Darragh K. and Eykelenboom, Jennifer E. and Soares, Dinesh C. and Mackie, Shaun and Porteous, David J. and Millar, J. Kirsty},
	year = {2014},
	month = {02},
	date = {2014-02-15},
	journal = {Human Molecular Genetics},
	pages = {906--919},
	volume = {23},
	number = {4},
	doi = {10.1093/hmg/ddt485},
	note = {PMID: 24092329
PMCID: PMC3900104},
	langid = {eng}
}

@article{norkett2016,
	title = {DISC1-dependent Regulation of Mitochondrial Dynamics Controls the Morphogenesis of Complex Neuronal Dendrites},
	author = {Norkett, Rosalind and Modi, Souvik and Birsa, Nicol and Atkin, Talia A. and Ivankovic, Davor and Pathania, Manav and Trossbach, Svenja V. and Korth, Carsten and Hirst, Warren D. and Kittler, Josef T.},
	year = {2016},
	month = {01},
	date = {2016-01-08},
	journal = {The Journal of Biological Chemistry},
	pages = {613--629},
	volume = {291},
	number = {2},
	doi = {10.1074/jbc.M115.699447},
	note = {PMID: 26553875
PMCID: PMC4705382},
	langid = {eng}
}

@article{holper2019,
	title = {Psychotropic and neurological medication effects on mitochondrial complex I and IV in rodent models},
	author = {Holper, L. and Ben-Shachar, D. and Mann, J. J.},
	year = {2019},
	month = {09},
	date = {2019-09},
	journal = {European Neuropsychopharmacology: The Journal of the European College of Neuropsychopharmacology},
	pages = {986--1002},
	volume = {29},
	number = {9},
	doi = {10.1016/j.euroneuro.2019.06.010},
	note = {PMID: 31320210},
	langid = {eng}
}

@article{babich2016,
	title = {Ca(2+)-dependent regulation of the Ca(2+) concentration in the myometrium mitochondria. I. Trifluoperazine effects on mitochondria membranes polarization and [Ca(2+)](m)},
	author = {Babich, L. G. and Shlykov, S. G. and Kushnarova, A. M. and Kosterin, S. O.},
	year = {2016},
	month = {08},
	date = {2016-08},
	journal = {Ukrainian Biochemical Journal},
	pages = {5--11},
	volume = {88},
	number = {4},
	doi = {10.15407/ubj88.04.005},
	note = {PMID: 29235339},
	langid = {eng}
}

@article{elmorsy2021,
	title = {Antipsychotics inhibit the mitochondrial bioenergetics of pancreatic beta cells isolated from CD1 mice},
	author = {Elmorsy, Ekramy and Alelwani, Walla and Kattan, Shahad and Babteen, Nouf and Alnajeebi, Afnan and Ghulam, Jihan and Mosad, Soad},
	year = {2021},
	month = {01},
	date = {2021-01},
	journal = {Basic & Clinical Pharmacology & Toxicology},
	pages = {154--168},
	volume = {128},
	number = {1},
	doi = {10.1111/bcpt.13484},
	url = {https://onlinelibrary.wiley.com/doi/10.1111/bcpt.13484},
	langid = {en}
}

@article{ji2009,
	title = {A comparative proteomics analysis of rat mitochondria from the cerebral cortex and hippocampus in response to antipsychotic medications},
	author = {Ji, Baohu and La, Yujuan and Gao, Linghan and Zhu, Hui and Tian, Nan and Zhang, Ming and Yang, Yifeng and Zhao, Xinzhi and Tang, Ruqi and Ma, Gang and Zhou, Jian and Meng, Junwei and Ma, Jie and Zhang, Zhao and Li, Huafang and Feng, Guoyin and Wang, Yujiong and He, Lin and Wan, Chunling},
	year = {2009},
	month = {07},
	date = {2009-07},
	journal = {Journal of Proteome Research},
	pages = {3633--3641},
	volume = {8},
	number = {7},
	doi = {10.1021/pr800876z},
	note = {PMID: 19441803},
	langid = {eng}
}

@article{scaini2018,
	title = {Second generation antipsychotic-induced mitochondrial alterations: Implications for increased risk of metabolic syndrome in patients with schizophrenia},
	author = {Scaini, Giselli and Quevedo, {João} and Velligan, Dawn and Roberts, David L. and Raventos, Henriette and Walss-Bass, Consuelo},
	year = {2018},
	month = {03},
	date = {2018-03},
	journal = {European Neuropsychopharmacology: The Journal of the European College of Neuropsychopharmacology},
	pages = {369--380},
	volume = {28},
	number = {3},
	doi = {10.1016/j.euroneuro.2018.01.004},
	note = {PMID: 29449054},
	langid = {eng}
}

@article{delcampo2018,
	title = {Metabolic Syndrome and Antipsychotics: The Role of Mitochondrial Fission/Fusion Imbalance},
	author = {Del Campo, Andrea and Bustos, Catalina and Mascayano, Carolina and {Acuña-Castillo}, Claudio and Troncoso, Rodrigo and Rojo, Leonel E.},
	year = {2018},
	date = {2018},
	journal = {Frontiers in Endocrinology},
	pages = {144},
	volume = {9},
	doi = {10.3389/fendo.2018.00144},
	note = {PMID: 29740394
PMCID: PMC5924798},
	langid = {eng}
}

@article{contrerasshannon2013,
	title = {Clozapine-induced mitochondria alterations and inflammation in brain and insulin-responsive cells},
	author = {Contreras-Shannon, {Ver{\'{o}}nica} and Heart, Dylan L. and Paredes, R. Madelaine and Navaira, Erica and Catano, Gabriel and Maffi, Shivani Kaushal and Walss-Bass, Consuelo},
	year = {2013},
	date = {2013},
	journal = {PloS One},
	pages = {e59012},
	volume = {8},
	number = {3},
	doi = {10.1371/journal.pone.0059012},
	note = {PMID: 23527073
PMCID: PMC3604003},
	langid = {eng}
}

@article{baryosef2020,
	title = {Mitochondrial function parameters as a tool for tailored drug treatment of an individual with psychosis: a proof of concept study},
	author = {Bar-Yosef, Tamara and Hussein, Wessal and Yitzhaki, Ofer and Damri, Odeya and Givon, Limor and Marom, Carmit and Gurman, Vlada and Levine, Joseph and Bersudsky, Yuly and Agam, Galila and Ben-Shachar, Dorit},
	year = {2020},
	month = {12},
	date = {2020-12},
	journal = {Scientific Reports},
	pages = {12258},
	volume = {10},
	number = {1},
	doi = {10.1038/s41598-020-69207-4},
	url = {http://www.nature.com/articles/s41598-020-69207-4},
	langid = {en}
}

@article{watts2018,
	title = {Brain Energy and Oxygen Metabolism: Emerging Role in Normal Function and Disease},
	author = {Watts, Michelle E. and Pocock, Roger and Claudianos, Charles},
	year = {2018},
	month = {06},
	date = {2018-06-22},
	journal = {Frontiers in Molecular Neuroscience},
	pages = {216},
	volume = {11},
	doi = {10.3389/fnmol.2018.00216},
	url = {https://www.frontiersin.org/article/10.3389/fnmol.2018.00216/full}
}

@article{kuzawa2014,
	title = {Metabolic costs and evolutionary implications of human brain development},
	author = {Kuzawa, Christopher W. and Chugani, Harry T. and Grossman, Lawrence I. and Lipovich, Leonard and Muzik, Otto and Hof, Patrick R. and Wildman, Derek E. and Sherwood, Chet C. and Leonard, William R. and Lange, Nicholas},
	year = {2014},
	month = {09},
	date = {2014-09-09},
	journal = {Proceedings of the National Academy of Sciences},
	pages = {13010--13015},
	volume = {111},
	number = {36},
	doi = {10.1073/pnas.1323099111},
	url = {https://pnas.org/doi/full/10.1073/pnas.1323099111},
	langid = {en}
}

@article{zhou2008,
	title = {Oxidative Stress in Parkinson's Disease: A Mechanism of Pathogenic and Therapeutic Significance},
	author = {Zhou, Chun and Huang, Yong and Przedborski, Serge},
	year = {2008},
	month = {12},
	date = {2008-12-08},
	journal = {Annals of the New York Academy of Sciences},
	pages = {93--104},
	volume = {1147},
	number = {1},
	doi = {10.1196/annals.1427.023},
	url = {http://doi.wiley.com/10.1196/annals.1427.023},
	langid = {en}
}

@article{phillips2016,
	title = {Neurovascular coupling in humans: Physiology, methodological advances and clinical implications},
	author = {Phillips, Aaron A. and Chan, Franco Hn and Zheng, Mei Mu Zi and Krassioukov, Andrei V. and Ainslie, Philip N.},
	year = {2016},
	month = {04},
	date = {2016-04},
	journal = {Journal of Cerebral Blood Flow and Metabolism: Official Journal of the International Society of Cerebral Blood Flow and Metabolism},
	pages = {647--664},
	volume = {36},
	number = {4},
	doi = {10.1177/0271678X15617954},
	note = {PMID: 26661243
PMCID: PMC4821024},
	langid = {eng}
}

@article{archer1994,
	title = {Nitric oxide and cGMP cause vasorelaxation by activation of a charybdotoxin-sensitive K channel by cGMP-dependent protein kinase.},
	author = {Archer, S L and Huang, J M and Hampl, V and Nelson, D P and Shultz, P J and Weir, E K},
	year = {1994},
	month = {08},
	date = {1994-08-02},
	journal = {Proceedings of the National Academy of Sciences},
	pages = {7583--7587},
	volume = {91},
	number = {16},
	doi = {10.1073/pnas.91.16.7583},
	url = {https://pnas.org/doi/full/10.1073/pnas.91.16.7583},
	langid = {en}
}

@article{takano2006,
	title = {Astrocyte-mediated control of cerebral blood flow},
	author = {Takano, Takahiro and Tian, Guo-Feng and Peng, Weiguo and Lou, Nanhong and Libionka, Witold and Han, Xiaoning and Nedergaard, Maiken},
	year = {2006},
	month = {02},
	date = {2006-02},
	journal = {Nature Neuroscience},
	pages = {260--267},
	volume = {9},
	number = {2},
	doi = {10.1038/nn1623},
	url = {http://www.nature.com/articles/nn1623},
	langid = {en}
}

@article{kasischke2004,
	title = {Neural Activity Triggers Neuronal Oxidative Metabolism Followed by Astrocytic Glycolysis},
	author = {Kasischke, Karl A. and Vishwasrao, Harshad D. and Fisher, Patricia J. and Zipfel, Warren R. and Webb, Watt W.},
	year = {2004},
	month = {07},
	date = {2004-07-02},
	journal = {Science},
	pages = {99--103},
	volume = {305},
	number = {5680},
	doi = {10.1126/science.1096485},
	url = {https://www.science.org/doi/10.1126/science.1096485},
	langid = {en}
}

@article{falkowska2015,
	title = {Energy Metabolism of the Brain, Including the Cooperation between Astrocytes and Neurons, Especially in the Context of Glycogen Metabolism},
	author = {Falkowska, Anna and Gutowska, Izabela and Goschorska, Marta and Nowacki, {Przemys{\l}aw} and Chlubek, Dariusz and Baranowska-Bosiacka, Irena},
	year = {2015},
	month = {10},
	date = {2015-10-29},
	journal = {International Journal of Molecular Sciences},
	pages = {25959--25981},
	volume = {16},
	number = {11},
	doi = {10.3390/ijms161125939},
	note = {PMID: 26528968
PMCID: PMC4661798},
	langid = {eng}
}

@article{sullivan2018,
	title = {Defects in Bioenergetic Coupling in Schizophrenia},
	author = {Sullivan, Courtney R. and {O{\textquoteright}Donovan}, Sinead M. and McCullumsmith, Robert E. and Ramsey, Amy},
	year = {2018},
	month = {05},
	date = {2018-05},
	journal = {Biological Psychiatry},
	pages = {739--750},
	volume = {83},
	number = {9},
	doi = {10.1016/j.biopsych.2017.10.014},
	url = {https://linkinghub.elsevier.com/retrieve/pii/S0006322317320991},
	langid = {en}
}

@article{magistretti1996,
	title = {Cellular Bases of Brain Energy Metabolism and Their Relevance to Functional Brain Imaging: Evidence for a Prominent Role of Astrocytes},
	author = {Magistretti, P. J. and Pellerin, L.},
	year = {1996},
	month = {01},
	date = {1996-01-01},
	journal = {Cerebral Cortex},
	pages = {50--61},
	volume = {6},
	number = {1},
	doi = {10.1093/cercor/6.1.50},
	url = {https://academic.oup.com/cercor/article-lookup/doi/10.1093/cercor/6.1.50},
	langid = {en}
}

@article{pellerin2004,
	title = {Neuroenergetics: Calling Upon Astrocytes to Satisfy Hungry Neurons},
	author = {Pellerin, Luc and Magistretti, Pierre J.},
	year = {2004},
	month = {02},
	date = {2004-02},
	journal = {The Neuroscientist},
	pages = {53--62},
	volume = {10},
	number = {1},
	doi = {10.1177/1073858403260159},
	url = {http://journals.sagepub.com/doi/10.1177/1073858403260159},
	langid = {en}
}

@article{peters2004,
	title = {The selfish brain: competition for energy resources},
	author = {Peters, A. and Schweiger, U. and Pellerin, L. and Hubold, C. and Oltmanns, K. M. and Conrad, M. and Schultes, B. and Born, J. and Fehm, H. L.},
	year = {2004},
	month = {04},
	date = {2004-04},
	journal = {Neuroscience and Biobehavioral Reviews},
	pages = {143--180},
	volume = {28},
	number = {2},
	doi = {10.1016/j.neubiorev.2004.03.002},
	note = {PMID: 15172762},
	langid = {eng}
}

@article{fehm2006,
	title = {The selfish brain: competition for energy resources},
	author = {Fehm, H. L. and Kern, W. and Peters, A.},
	year = {2006},
	date = {2006},
	journal = {Progress in Brain Research},
	pages = {129--140},
	volume = {153},
	doi = {10.1016/S0079-6123(06)53007-9},
	note = {PMID: 16876572},
	langid = {eng}
}

@article{andreasen1992,
	title = {Hypofrontality in neuroleptic-naive patients and in patients with chronic schizophrenia. Assessment with xenon 133 single-photon emission computed tomography and the Tower of London},
	author = {Andreasen, N. C. and Rezai, K. and Alliger, R. and Swayze, V. W. and Flaum, M. and Kirchner, P. and Cohen, G. and {O'Leary}, D. S.},
	year = {1992},
	month = {12},
	date = {1992-12},
	journal = {Archives of General Psychiatry},
	pages = {943--958},
	volume = {49},
	number = {12},
	doi = {10.1001/archpsyc.1992.01820120031006},
	note = {PMID: 1360199},
	langid = {eng}
}

@article{callicott2000,
	title = {Physiological Dysfunction of the Dorsolateral Prefrontal Cortex in Schizophrenia Revisited},
	author = {Callicott, J. H.},
	year = {2000},
	month = {11},
	date = {2000-11-01},
	journal = {Cerebral Cortex},
	pages = {1078--1092},
	volume = {10},
	number = {11},
	doi = {10.1093/cercor/10.11.1078},
	url = {https://academic.oup.com/cercor/article-lookup/doi/10.1093/cercor/10.11.1078}
}

@article{rollins2009,
	title = {Mitochondrial variants in schizophrenia, bipolar disorder, and major depressive disorder},
	author = {Rollins, Brandi and Martin, Maureen V. and Sequeira, P. Adolfo and Moon, Emily A. and Morgan, Ling Z. and Watson, Stanley J. and Schatzberg, Alan and Akil, Huda and Myers, Richard M. and Jones, Edward G. and Wallace, Douglas C. and Bunney, William E. and Vawter, Marquis P.},
	year = {2009},
	date = {2009},
	journal = {PloS One},
	pages = {e4913},
	volume = {4},
	number = {3},
	doi = {10.1371/journal.pone.0004913},
	note = {PMID: 19290059
PMCID: PMC2654519},
	langid = {eng}
}

@article{clay2011,
	title = {Mitochondrial dysfunction and pathology in bipolar disorder and schizophrenia},
	author = {Clay, Hayley B. and Sillivan, Stephanie and Konradi, Christine},
	year = {2011},
	month = {05},
	date = {2011-05},
	journal = {International Journal of Developmental Neuroscience: The Official Journal of the International Society for Developmental Neuroscience},
	pages = {311--324},
	volume = {29},
	number = {3},
	doi = {10.1016/j.ijdevneu.2010.08.007},
	note = {PMID: 20833242
PMCID: PMC3010320},
	langid = {eng}
}

@article{martinsdesouza2011,
	title = {Proteomics as a Tool for Understanding Schizophrenia},
	author = {Martins-de-Souza, Daniel},
	year = {2011},
	month = {12},
	date = {2011-12-28},
	journal = {Clinical Psychopharmacology and Neuroscience},
	pages = {95--101},
	volume = {9},
	number = {3},
	doi = {10.9758/cpn.2011.9.3.95},
	url = {http://www.cpn.or.kr/journal/view.html?doi=10.9758/cpn.2011.9.3.95},
	langid = {en}
}

@article{martinsdesouza2010,
	title = {Proteome analysis of the thalamus and cerebrospinal fluid reveals glycolysis dysfunction and potential biomarkers candidates for schizophrenia},
	author = {Martins-de-Souza, Daniel and Maccarrone, Giuseppina and Wobrock, Thomas and Zerr, Inga and Gormanns, Philipp and Reckow, Stefan and Falkai, Peter and Schmitt, Andrea and Turck, Christoph W.},
	year = {2010},
	month = {12},
	date = {2010-12},
	journal = {Journal of Psychiatric Research},
	pages = {1176--1189},
	volume = {44},
	number = {16},
	doi = {10.1016/j.jpsychires.2010.04.014},
	note = {PMID: 20471030},
	langid = {eng}
}

@article{rowland2016,
	title = {Elevated brain lactate in schizophrenia: a 7{\hspace{0.167em}}T magnetic resonance spectroscopy study},
	author = {Rowland, L. M. and Pradhan, S. and Korenic, S. and Wijtenburg, S. A. and Hong, L. E. and Edden, R. A. and Barker, P. B.},
	year = {2016},
	month = {11},
	date = {2016-11-29},
	journal = {Translational Psychiatry},
	pages = {e967},
	volume = {6},
	number = {11},
	doi = {10.1038/tp.2016.239},
	note = {PMID: 27898072
PMCID: PMC5290358},
	langid = {eng}
}

@article{hsieh2019,
	title = {Acute glucose fluctuation impacts microglial activity, leading to inflammatory activation or self-degradation},
	author = {Hsieh, Cheng-Fang and Liu, Ching-Kuan and Lee, Ching-Tien and Yu, Liang-En and Wang, Jiz-Yuh},
	year = {2019},
	month = {12},
	date = {2019-12},
	journal = {Scientific Reports},
	pages = {840},
	volume = {9},
	number = {1},
	doi = {10.1038/s41598-018-37215-0},
	url = {http://www.nature.com/articles/s41598-018-37215-0},
	langid = {en}
}

@article{roosterman2021,
	title = {The two-cell model of glucose metabolism: a hypothesis of schizophrenia},
	author = {Roosterman, Dirk and Cottrell, Graeme Stuart},
	year = {2021},
	month = {06},
	date = {2021-06},
	journal = {Molecular Psychiatry},
	pages = {1738--1747},
	volume = {26},
	number = {6},
	doi = {10.1038/s41380-020-00980-4},
	url = {https://www.nature.com/articles/s41380-020-00980-4},
	langid = {en}
}

@article{jouroukhin2018,
	title = {DISC1 regulates lactate metabolism in astrocytes: implications for psychiatric disorders},
	author = {Jouroukhin, Yan and Kageyama, Yusuke and Misheneva, Varvara and Shevelkin, Alexey and Andrabi, Shaida and Prandovszky, Emese and Yolken, Robert H. and Dawson, Valina L. and Dawson, Ted M. and Aja, Susan and Sesaki, Hiromi and Pletnikov, Mikhail V.},
	year = {2018},
	month = {12},
	date = {2018-12},
	journal = {Translational Psychiatry},
	pages = {76},
	volume = {8},
	number = {1},
	doi = {10.1038/s41398-018-0123-9},
	url = {http://www.nature.com/articles/s41398-018-0123-9},
	langid = {en}
}

@article{herberth2011,
	title = {Impaired glycolytic response in peripheral blood mononuclear cells of first-onset antipsychotic-naive schizophrenia patients},
	author = {Herberth, M and Koethe, D and Cheng, T M K and Krzyszton, N D and Schoeffmann, S and Guest, P C and Rahmoune, H and Harris, L W and Kranaster, L and Leweke, F M and Bahn, S},
	year = {2011},
	month = {08},
	date = {2011-08},
	journal = {Molecular Psychiatry},
	pages = {848--859},
	volume = {16},
	number = {8},
	doi = {10.1038/mp.2010.71},
	url = {https://www.nature.com/articles/mp201071},
	langid = {en}
}

@article{lupták2021,
	title = {Effect of Novel Antipsychotics on Energy Metabolism - In Vitro Study in Pig Brain Mitochondria},
	author = {{{\v{L}}upták}, Matej and {Fi{\v{s}}ar}, {Zden{\v{e}}k} and {Hroudová}, Jana},
	year = {2021},
	month = {11},
	date = {2021-11},
	journal = {Molecular Neurobiology},
	pages = {5548--5563},
	volume = {58},
	number = {11},
	doi = {10.1007/s12035-021-02498-4},
	note = {PMID: 34365585},
	langid = {eng}
}

@article{kumar2018,
	title = {Lumateperone: a new treatment approach for neuropsychiatric disorders},
	author = {Kumar, B. and Kuhad, A. and Kuhad, A.},
	year = {2018},
	month = {12},
	date = {2018-12},
	journal = {Drugs of Today (Barcelona, Spain: 1998)},
	pages = {713--719},
	volume = {54},
	number = {12},
	doi = {10.1358/dot.2018.54.12.2899443},
	note = {PMID: 30596390},
	langid = {eng}
}

@article{elmorsy2016,
	title = {Blood lactate levels as a biomarker of antipsychotic side effects in patients with schizophrenia},
	author = {Elmorsy, Ekramy and Shahda, Mohamed and Mahmoud, El-Hassanen M. and Rakha, Shirien A. and Shoaib, Mohammed},
	year = {2016},
	month = {01},
	date = {2016-01},
	journal = {Journal of Psychopharmacology (Oxford, England)},
	pages = {63--68},
	volume = {30},
	number = {1},
	doi = {10.1177/0269881115616385},
	note = {PMID: 26577064},
	langid = {eng}
}

@article{steiner2014,
	title = {Clozapine promotes glycolysis and myelin lipid synthesis in cultured oligodendrocytes},
	author = {Steiner, Johann and Martins-de-Souza, Daniel and Schiltz, Kolja and Sarnyai, Zoltan and Westphal, Sabine and Isermann, Berend and Dobrowolny, Henrik and Turck, Christoph W. and Bogerts, Bernhard and Bernstein, Hans-Gert and Horvath, Tamas L. and Schild, Lorenz and Keilhoff, Gerburg},
	year = {2014},
	month = {11},
	date = {2014-11-18},
	journal = {Frontiers in Cellular Neuroscience},
	volume = {8},
	doi = {10.3389/fncel.2014.00384},
	url = {http://journal.frontiersin.org/article/10.3389/fncel.2014.00384/abstract}
}

@article{guest2015,
	title = {MK-801 treatment affects glycolysis in oligodendrocytes more than in astrocytes and neuronal cells: insights for schizophrenia},
	author = {Guest, Paul C. and Iwata, Keiko and Kato, Takahiro A. and Steiner, Johann and Schmitt, Andrea and Turck, Christoph W. and Martins-de-Souza, Daniel},
	year = {2015},
	month = {05},
	date = {2015-05-12},
	journal = {Frontiers in Cellular Neuroscience},
	volume = {09},
	doi = {10.3389/fncel.2015.00180},
	url = {http://www.frontiersin.org/Cellular_Neuroscience/10.3389/fncel.2015.00180/abstract}
}

@article{cassoli2016,
	title = {Effect of MK-801 and Clozapine on the Proteome of Cultured Human Oligodendrocytes},
	author = {Cassoli, Juliana S. and Iwata, Keiko and Steiner, Johann and Guest, Paul C. and Turck, Christoph W. and Nascimento, Juliana M. and Martins-de-Souza, Daniel},
	year = {2016},
	month = {03},
	date = {2016-03-03},
	journal = {Frontiers in Cellular Neuroscience},
	volume = {10},
	doi = {10.3389/fncel.2016.00052},
	url = {http://journal.frontiersin.org/Article/10.3389/fncel.2016.00052/abstract}
}

@article{cochran2003,
	title = {Induction of metabolic hypofunction and neurochemical deficits after chronic intermittent exposure to phencyclidine: differential modulation by antipsychotic drugs},
	author = {Cochran, Susan M. and Kennedy, Matthew and McKerchar, Clare E. and Steward, Lucinda J. and Pratt, Judith A. and Morris, Brian J.},
	year = {2003},
	month = {02},
	date = {2003-02},
	journal = {Neuropsychopharmacology: Official Publication of the American College of Neuropsychopharmacology},
	pages = {265--275},
	volume = {28},
	number = {2},
	doi = {10.1038/sj.npp.1300031},
	note = {PMID: 12589379},
	langid = {eng}
}

@article{buchsbaum2007,
	title = {FDG-PET in never-previously medicated psychotic adolescents treated with olanzapine or haloperidol},
	author = {Buchsbaum, Monte S. and Haznedar, M. Mehmet and Aronowitz, Jonathan and Brickman, Adam M. and Newmark, Randall E. and Bloom, Rachel and Brand, Jesse and Goldstein, Kim E. and Heath, Desmond and Starson, Meghan and Hazlett, Erin A.},
	year = {2007},
	month = {08},
	date = {2007-08},
	journal = {Schizophrenia Research},
	pages = {293--305},
	volume = {94},
	number = {1-3},
	doi = {10.1016/j.schres.2007.04.027},
	note = {PMID: 17574821},
	langid = {eng}
}

@article{buchsbaum2009,
	title = {FDG-PET and MRI imaging of the effects of sertindole and haloperidol in the prefrontal lobe in schizophrenia},
	author = {Buchsbaum, Monte S. and Haznedar, Mehmet and Newmark, Randall E. and Chu, King-Wai and Dusi, Nicola and Entis, Jonathan J. and Goldstein, Kim E. and Goodman, Chelain R. and Gupta, Adarsh and Hazlett, Erin and Iannuzzi, James and Torosjan, Yuliya and Zhang, Jane and Wolkin, Adam},
	year = {2009},
	month = {10},
	date = {2009-10},
	journal = {Schizophrenia Research},
	pages = {161--171},
	volume = {114},
	number = {1-3},
	doi = {10.1016/j.schres.2009.07.015},
	note = {PMID: 19695836},
	langid = {eng}
}

@article{turkheimer2020,
	title = {Normalizing the Abnormal: Do Antipsychotic Drugs Push the Cortex Into an Unsustainable Metabolic Envelope?},
	author = {Turkheimer, Federico E. and Selvaggi, Pierluigi and Mehta, Mitul A. and Veronese, Mattia and Zelaya, Fernando and Dazzan, Paola and Vernon, Anthony C.},
	year = {2020},
	month = {04},
	date = {2020-04-10},
	journal = {Schizophrenia Bulletin},
	pages = {484--495},
	volume = {46},
	number = {3},
	doi = {10.1093/schbul/sbz119},
	note = {PMID: 31755955
PMCID: PMC7147598},
	langid = {eng}
}
