
@article{kasper2001,
	title = {Risperidone olanzapine drug outcomes studies in schizophrenia (RODOS): efficacy and tolerability results of an international naturalistic study},
	author = {Kasper, S. and Rosillon, D. and Duchesne, I. and RODOS Investigator Group, },
	year = {2001},
	month = {07},
	date = {2001-07},
	journal = {International Clinical Psychopharmacology},
	pages = {179--187},
	volume = {16},
	number = {4},
	doi = {10.1097/00004850-200107000-00001},
	note = {PMID: 11459331},
	langid = {eng}
}


@article{leucht_meta_2009,
	title = {A meta-analysis of head-to-head comparisons of second-generation antipsychotics in the treatment of schizophrenia},
	volume = {166},
	issn = {1535-7228},
	doi = {10.1176/appi.ajp.2008.08030368},
	language = {eng},
	number = {2},
	journal = {The American Journal of Psychiatry},
	author = {Leucht, Stefan and Komossa, Katja and Rummel-Kluge, Christine and Corves, Caroline and Hunger, Heike and Schmid, Franziska and Asenjo Lobos, Claudia and Schwarz, Sandra and Davis, John M.},
	month = feb,
	year = {2009},
	pmid = {19015230},
	keywords = {Antipsychotic Agents, Humans, Psychiatric Status Rating Scales, Randomized Controlled Trials as Topic, Schizophrenia, Schizophrenic Psychology, Treatment Outcome},
	pages = {152--163},
}

@article{huhn2019,
	title = {Comparative efficacy and tolerability of 32 oral antipsychotics for the acute treatment of adults with multi-episode schizophrenia: a systematic review and network meta-analysis},
	author = {Huhn, Maximilian and Nikolakopoulou, Adriani and Schneider-Thoma, Johannes and Krause, Marc and Samara, Myrto and Peter, Natalie and Arndt, Thomas and {Bäckers}, Lio and Rothe, Philipp and Cipriani, Andrea and Davis, John and Salanti, Georgia and Leucht, Stefan},
	year = {2019},
	month = {09},
	date = {2019-09},
	journal = {The Lancet},
	pages = {939--951},
	volume = {394},
	number = {10202},
	doi = {10.1016/S0140-6736(19)31135-3},
	url = {https://linkinghub.elsevier.com/retrieve/pii/S0140673619311353},
	langid = {en}
}

@article{flacco2015,
	title = {Head-to-head randomized trials are mostly industry sponsored and almost always favor the industry sponsor},
	author = {Flacco, Maria Elena and Manzoli, Lamberto and Boccia, Stefania and Capasso, Lorenzo and Aleksovska, Katina and Rosso, Annalisa and Scaioli, Giacomo and De Vito, Corrado and Siliquini, Roberta and Villari, Paolo and Ioannidis, John P.A.},
	year = {2015},
	month = {07},
	date = {2015-07},
	journal = {Journal of Clinical Epidemiology},
	pages = {811--820},
	volume = {68},
	number = {7},
	doi = {10.1016/j.jclinepi.2014.12.016},
	url = {https://linkinghub.elsevier.com/retrieve/pii/S089543561500058X},
	langid = {en}
}

@article{heres2006,
	title = {Why Olanzapine Beats Risperidone, Risperidone Beats Quetiapine, and Quetiapine Beats Olanzapine: An Exploratory Analysis of Head-to-Head Comparison Studies of Second-Generation Antipsychotics},
	author = {Heres, Stephan and Davis, John and Maino, Katja and Jetzinger, Elisabeth and Kissling, Werner and Leucht, Stefan},
	year = {2006},
	month = {02},
	date = {2006-02},
	journal = {American Journal of Psychiatry},
	pages = {185--194},
	volume = {163},
	number = {2},
	doi = {10.1176/appi.ajp.163.2.185},
	url = {http://psychiatryonline.org/doi/abs/10.1176/appi.ajp.163.2.185},
	langid = {en}
}

@article{katona2021,
	title = {A meta-analysis of effectiveness of real-world studies of antipsychotics in schizophrenia: Are the results consistent with the findings of randomized controlled trials?},
	author = {Katona, Lajos and Bitter, {István} and Czobor, {Pál}},
	year = {2021},
	month = {10},
	date = {2021-10-06},
	journal = {Translational Psychiatry},
	pages = {510},
	volume = {11},
	number = {1},
	doi = {10.1038/s41398-021-01636-9},
	note = {PMID: 34615850
PMCID: PMC8494924},
	langid = {eng}
}

@article{canuso2008,
	title = {Paliperidone extended-release tablets in schizophrenia patients previously treated with risperidone},
	author = {Canuso, Carla M. and Youssef, Eriene A. and Bossie, Cynthia A. and Turkoz, Ibrahim and Schreiner, Andreas and Simpson, George M.},
	year = {2008},
	month = {07},
	date = {2008-07},
	journal = {International Clinical Psychopharmacology},
	pages = {209--215},
	volume = {23},
	number = {4},
	doi = {10.1097/YIC.0b013e3282fce651},
	note = {PMID: 18545059},
	langid = {eng}
}

@article{kim2009,
	title = {Effectiveness of switching to aripiprazole from atypical antipsychotics in patients with schizophrenia},
	author = {Kim, Sung-Wan and Shin, Il-Seon and Kim, Jae-Min and Lee, Jeong-Hoon and Lee, Yo-Han and Yang, Su-Jin and Yoon, Jin-Sang},
	year = {2009},
	month = {10},
	date = {2009-10},
	journal = {Clinical Neuropharmacology},
	pages = {243--249},
	volume = {32},
	number = {5},
	doi = {10.1097/WNF.0b013e31819a68b5},
	note = {PMID: 19620849},
	langid = {eng}
}

@article{potkin2016,
	title = {Multidimensional Assessment of Functional Outcomes in Schizophrenia: Results From QUALIFY, a Head-to-Head Trial of Aripiprazole Once-Monthly and Paliperidone Palmitate},
	author = {Potkin, Steven G. and Loze, Jean-Yves and Forray, Carlos and Baker, Ross A. and Sapin, Christophe and Peters-Strickland, Timothy and Beillat, Maud and Nylander, Anna-Greta and Hertel, Peter and Nitschky Schmidt, Simon and Eramo, Anna and Hansen, Karina and Naber, Dieter},
	year = {2016},
	month = {12},
	date = {2016-12-07},
	journal = {International Journal of Neuropsychopharmacology},
	pages = {pyw093},
	doi = {10.1093/ijnp/pyw093},
	url = {https://academic.oup.com/ijnp/article-lookup/doi/10.1093/ijnp/pyw093},
	langid = {en}
}

@article{awad2014,
	title = {Health-related quality of life among patients treated with lurasidone: results from a switch trial in patients with schizophrenia},
	author = {Awad, George and Hassan, Mariam and Loebel, Antony and Hsu, Jay and Pikalov, Andrei and Rajagopalan, Krithika},
	year = {2014},
	month = {12},
	date = {2014-12},
	journal = {BMC Psychiatry},
	pages = {53},
	volume = {14},
	number = {1},
	doi = {10.1186/1471-244X-14-53},
	url = {http://bmcpsychiatry.biomedcentral.com/articles/10.1186/1471-244X-14-53},
	langid = {en}
}

@article{lieberman2005,
	title = {Effectiveness of antipsychotic drugs in patients with chronic schizophrenia},
	author = {Lieberman, Jeffrey A. and Stroup, T. Scott and McEvoy, Joseph P. and Swartz, Marvin S. and Rosenheck, Robert A. and Perkins, Diana O. and Keefe, Richard S. E. and Davis, Sonia M. and Davis, Clarence E. and Lebowitz, Barry D. and Severe, Joanne and Hsiao, John K. and {Clinical Antipsychotic Trials of Intervention Effectiveness (CATIE) Investigators}, },
	year = {2005},
	month = {09},
	date = {2005-09-22},
	journal = {The New England Journal of Medicine},
	pages = {1209--1223},
	volume = {353},
	number = {12},
	doi = {10.1056/NEJMoa051688},
	note = {PMID: 16172203},
	langid = {eng}
}

@article{lieberman2011,
	title = {The NIMH-CATIE Schizophrenia Study: What Did We Learn?},
	author = {Lieberman, Jeffrey A. and Stroup, T. Scott},
	year = {2011},
	month = {08},
	date = {2011-08},
	journal = {American Journal of Psychiatry},
	pages = {770--775},
	volume = {168},
	number = {8},
	doi = {10.1176/appi.ajp.2011.11010039},
	url = {http://psychiatryonline.org/doi/abs/10.1176/appi.ajp.2011.11010039},
	langid = {en}
}

@article{lugg2022,
	title = {Treating schizophrenia {\textendash} Thinking beyond the choice of antipsychotic},
	author = {Lugg, William},
	year = {2022},
	month = {03},
	date = {2022-03},
	journal = {Australian & New Zealand Journal of Psychiatry},
	pages = {214--215},
	volume = {56},
	number = {3},
	doi = {10.1177/00048674211037242},
	url = {http://journals.sagepub.com/doi/10.1177/00048674211037242},
	langid = {en}
}

@article{streiner2008,
	title = {The Lesser of 2 Evils: The Ethics of Placebo-Controlled Trials},
	author = {Streiner, David L},
	year = {2008},
	month = {07},
	date = {2008-07},
	journal = {The Canadian Journal of Psychiatry},
	pages = {430--432},
	volume = {53},
	number = {7},
	doi = {10.1177/070674370805300705},
	url = {http://journals.sagepub.com/doi/10.1177/070674370805300705},
	langid = {en}
}

@article{morant2018,
	title = {The least worst option: user experiences of antipsychotic medication and lack of involvement in medication decisions in a UK community sample},
	author = {Morant, Nicola and Azam, Kiran and Johnson, Sonia and Moncrieff, Joanna},
	year = {2018},
	month = {08},
	date = {2018-08},
	journal = {Journal of Mental Health (Abingdon, England)},
	pages = {322--328},
	volume = {27},
	number = {4},
	doi = {10.1080/09638237.2017.1370637},
	note = {PMID: 28857636},
	langid = {eng}
}

@article{ngmak2018,
	title = {Patient preferences for important attributes of bipolar depression treatments: a discrete choice experiment},
	author = {Ng-Mak, Daisy and Poon, Jiat-Ling and Roberts, Laurie and Kleinman, Leah and Revicki, Dennis A. and Rajagopalan, Krithika},
	year = {2018},
	date = {2018},
	journal = {Patient Preference and Adherence},
	pages = {35--44},
	volume = {12},
	doi = {10.2147/PPA.S151561},
	note = {PMID: 29343947
PMCID: PMC5749384},
	langid = {eng}
}

@article{achtyes2018,
	title = {Patient preferences concerning the efficacy and side-effect profile of schizophrenia medications: a survey of patients living with schizophrenia},
	author = {Achtyes, Eric and Simmons, Adam and Skabeev, Anna and Levy, Nikki and Jiang, Ying and Marcy, Patricia and Weiden, Peter J.},
	year = {2018},
	month = {09},
	date = {2018-09-12},
	journal = {BMC psychiatry},
	pages = {292},
	volume = {18},
	number = {1},
	doi = {10.1186/s12888-018-1856-y},
	note = {PMID: 30223804
PMCID: PMC6142379},
	langid = {eng}
}

@article{fiorillo2020,
	title = {The role of shared decision-making in improving adherence to pharmacological treatments in patients with schizophrenia: a clinical review},
	author = {Fiorillo, Andrea and Barlati, Stefano and Bellomo, Antonello and Corrivetti, Giulio and {Nicolò}, Giuseppe and Sampogna, Gaia and Stanga, Valentina and Veltro, Franco and Maina, Giuseppe and Vita, Antonio},
	year = {2020},
	month = {12},
	date = {2020-12},
	journal = {Annals of General Psychiatry},
	pages = {43},
	volume = {19},
	number = {1},
	doi = {10.1186/s12991-020-00293-4},
	url = {https://annals-general-psychiatry.biomedcentral.com/articles/10.1186/s12991-020-00293-4},
	langid = {en}
}

@article{kaar2019,
	title = {Making decisions about antipsychotics: a qualitative study of patient experience and the development of a decision aid},
	author = {Kaar, S. J. and Gobjila, C. and Butler, E. and Henderson, C. and Howes, O. D.},
	year = {2019},
	month = {10},
	date = {2019-10-23},
	journal = {BMC psychiatry},
	pages = {309},
	volume = {19},
	number = {1},
	doi = {10.1186/s12888-019-2304-3},
	note = {PMID: 31646985
PMCID: PMC6806500},
	langid = {eng}
}

@article{wykes2017,
	title = {What side effects are problematic for patients prescribed antipsychotic medication? The Maudsley Side Effects (MSE) measure for antipsychotic medication},
	author = {Wykes, T. and Evans, J. and Paton, C. and Barnes, T. R. E. and Taylor, D. and Bentall, R. and Dalton, B. and Ruffell, T. and Rose, D. and Vitoratou, S.},
	year = {2017},
	month = {10},
	date = {2017-10},
	journal = {Psychological Medicine},
	pages = {2369--2378},
	volume = {47},
	number = {13},
	doi = {10.1017/S0033291717000903},
	note = {PMID: 28420450
PMCID: PMC5820531},
	langid = {eng}
}

@article{adunlin2015,
	title = {Application of multicriteria decision analysis in health care: a systematic review and bibliometric analysis},
	author = {Adunlin, Georges and Diaby, Vakaramoko and Xiao, Hong},
	year = {2015},
	month = {12},
	date = {2015-12},
	journal = {Health Expectations: An International Journal of Public Participation in Health Care and Health Policy},
	pages = {1894--1905},
	volume = {18},
	number = {6},
	doi = {10.1111/hex.12287},
	note = {PMID: 25327341
PMCID: PMC4402125},
	langid = {eng}
}

@article{ozsahin2020,
	title = {A multi-criteria decision-making approach for schizophrenia treatment techniques},
	author = {Ozsahin, Ilker and Abebe, Samuel and Mok, Greta},
	year = {2020},
	month = {06},
	date = {2020-06-25},
	journal = {Archives of Psychiatry and Psychotherapy},
	pages = {52--61},
	volume = {22},
	number = {2},
	doi = {10.12740/APP/111624},
	url = {http://www.archivespp.pl/uploads/images/2020_22_2/52Ozsahin_Archives_PP_2_2020.pdf}
}

@article{tsuang1990,
	title = {Heterogeneity of Schizophrenia: Conceptual Models and Analytic Strategies},
	author = {Tsuang, Ming T. and Lyons, Michael J. and Faraone, Stephen V.},
	year = {1990},
	month = {01},
	date = {1990-01},
	journal = {British Journal of Psychiatry},
	pages = {17--26},
	volume = {156},
	number = {1},
	doi = {10.1192/bjp.156.1.17},
	url = {https://www.cambridge.org/core/product/identifier/S0007125000060438/type/journal_article},
	langid = {en}
}

@article{kirkpatrick2001,
	title = {A separate disease within the syndrome of schizophrenia},
	author = {Kirkpatrick, B. and Buchanan, R. W. and Ross, D. E. and Carpenter, W. T.},
	year = {2001},
	month = {02},
	date = {2001-02},
	journal = {Archives of General Psychiatry},
	pages = {165--171},
	volume = {58},
	number = {2},
	doi = {10.1001/archpsyc.58.2.165},
	note = {PMID: 11177118},
	langid = {eng}
}

@article{clementz2016,
	title = {Identification of Distinct Psychosis Biotypes Using Brain-Based Biomarkers},
	author = {Clementz, Brett A. and Sweeney, John A. and Hamm, Jordan P. and Ivleva, Elena I. and Ethridge, Lauren E. and Pearlson, Godfrey D. and Keshavan, Matcheri S. and Tamminga, Carol A.},
	year = {2016},
	month = {04},
	date = {2016-04-01},
	journal = {The American Journal of Psychiatry},
	pages = {373--384},
	volume = {173},
	number = {4},
	doi = {10.1176/appi.ajp.2015.14091200},
	note = {PMID: 26651391
PMCID: PMC5314432},
	langid = {eng}
}

@article{gillespie2017,
	title = {Is treatment-resistant schizophrenia categorically distinct from treatment-responsive schizophrenia? a systematic review},
	author = {Gillespie, Amy L. and Samanaite, Ruta and Mill, Jonathan and Egerton, Alice and MacCabe, James H.},
	year = {2017},
	month = {12},
	date = {2017-12},
	journal = {BMC Psychiatry},
	pages = {12},
	volume = {17},
	number = {1},
	doi = {10.1186/s12888-016-1177-y},
	url = {http://bmcpsychiatry.biomedcentral.com/articles/10.1186/s12888-016-1177-y},
	langid = {en}
}

@article{lee2015,
	title = {Subtyping Schizophrenia by Treatment Response: Antipsychotic Development and the Central Role of Positive Symptoms},
	author = {Lee, Jimmy and Takeuchi, Hiroyoshi and Fervaha, Gagan and Sin, Gwen Li and Foussias, George and Agid, Ofer and Farooq, Saeed and Remington, Gary},
	year = {2015},
	month = {11},
	date = {2015-11},
	journal = {Canadian Journal of Psychiatry. Revue Canadienne De Psychiatrie},
	pages = {515--522},
	volume = {60},
	number = {11},
	doi = {10.1177/070674371506001107},
	note = {PMID: 26720509
PMCID: PMC4679132},
	langid = {eng}
}

@article{mas2020,
	title = {Personalized medicine begins with the phenotype: identifying antipsychotic response phenotypes in a first-episode psychosis cohort},
	author = {Mas, S. and {Gassó}, P. and {Rodríguez}, N. and Cabrera, B. and Mezquida, G. and Lobo, A. and {González-Pinto}, A. and Parellada, M. and Corripio, I. and Vieta, E. and Castro-Fornieles, J. and Bobes, J. and Usall, J. and Saiz-Ruiz, J. and Contreras, F. and Parellada, E. and Bernardo, M. and PEPs group, },
	year = {2020},
	month = {06},
	date = {2020-06},
	journal = {Acta Psychiatrica Scandinavica},
	pages = {541--552},
	volume = {141},
	number = {6},
	doi = {10.1111/acps.13131},
	note = {PMID: 31746462},
	langid = {eng}
}

@article{fenton1991,
	title = {Natural history of schizophrenia subtypes. I. Longitudinal study of paranoid, hebephrenic, and undifferentiated schizophrenia},
	author = {Fenton, W. S. and McGlashan, T. H.},
	year = {1991},
	month = {11},
	date = {1991-11},
	journal = {Archives of General Psychiatry},
	pages = {969--977},
	volume = {48},
	number = {11},
	doi = {10.1001/archpsyc.1991.01810350009002},
	note = {PMID: 1747020},
	langid = {eng}
}

@article{mattila2015,
	title = {Impact of DSM-5 changes on the diagnosis and acute treatment of schizophrenia},
	author = {Mattila, Taina and Koeter, Maarten and Wohlfarth, Tamar and Storosum, Jitschak and van den Brink, Wim and de Haan, Lieuwe and Derks, Eske and Leufkens, Hubertus and Denys, Damiaan},
	year = {2015},
	month = {05},
	date = {2015-05},
	journal = {Schizophrenia Bulletin},
	pages = {637--643},
	volume = {41},
	number = {3},
	doi = {10.1093/schbul/sbu172},
	note = {PMID: 25528758
PMCID: PMC4393695},
	langid = {eng}
}

@article{basile2002,
	title = {Pharmacogenomics in schizophrenia: the quest for individualized therapy},
	author = {Basile, V. S.},
	year = {2002},
	month = {10},
	date = {2002-10-01},
	journal = {Human Molecular Genetics},
	pages = {2517--2530},
	volume = {11},
	number = {20},
	doi = {10.1093/hmg/11.20.2517},
	url = {https://academic.oup.com/hmg/article-lookup/doi/10.1093/hmg/11.20.2517}
}

@article{stahl1997,
	title = {Selecting an Antidepressant by Matching Patient Profiles With Antidepressant Profiles},
	author = {Stahl, Stephen M},
	year = {1997},
	month = {09},
	date = {1997-09},
	journal = {Psychiatric Annals},
	pages = {610--612},
	volume = {27},
	number = {9},
	doi = {10.3928/0048-5713-19970901-04},
	url = {https://journals.healio.com/doi/10.3928/0048-5713-19970901-04},
	langid = {en}
}

@article{chekroud2017,
	title = {Reevaluating the Efficacy and Predictability of Antidepressant Treatments: A Symptom Clustering Approach},
	author = {Chekroud, Adam M. and Gueorguieva, Ralitza and Krumholz, Harlan M. and Trivedi, Madhukar H. and Krystal, John H. and McCarthy, Gregory},
	year = {2017},
	month = {04},
	date = {2017-04-01},
	journal = {JAMA psychiatry},
	pages = {370--378},
	volume = {74},
	number = {4},
	doi = {10.1001/jamapsychiatry.2017.0025},
	note = {PMID: 28241180
PMCID: PMC5863470},
	langid = {eng}
}

@article{murawiec2021,
	title = {Symptom Cluster-Matching Antidepressant Treatment: A Case Series Pilot Study},
	author = {Murawiec, {S{\l}awomir} and Krzystanek, Marek},
	year = {2021},
	month = {05},
	date = {2021-05-31},
	journal = {Pharmaceuticals},
	pages = {526},
	volume = {14},
	number = {6},
	doi = {10.3390/ph14060526},
	url = {https://www.mdpi.com/1424-8247/14/6/526},
	langid = {en}
}

@article{williams2016,
	title = {Precision psychiatry: a neural circuit taxonomy for depression and anxiety},
	author = {Williams, Leanne M},
	year = {2016},
	month = {05},
	date = {2016-05},
	journal = {The Lancet Psychiatry},
	pages = {472--480},
	volume = {3},
	number = {5},
	doi = {10.1016/S2215-0366(15)00579-9},
	url = {https://linkinghub.elsevier.com/retrieve/pii/S2215036615005799},
	langid = {en}
}

@article{hershenberg2014,
	title = {Role of atypical antipsychotics in the treatment of generalized anxiety disorder},
	author = {Hershenberg, Rachel and Gros, Daniel F. and Brawman-Mintzer, Olga},
	year = {2014},
	month = {06},
	date = {2014-06},
	journal = {CNS drugs},
	pages = {519--533},
	volume = {28},
	number = {6},
	doi = {10.1007/s40263-014-0162-6},
	note = {PMID: 24794100},
	langid = {eng}
}

@article{gao2006,
	title = {Efficacy of typical and atypical antipsychotics for primary and comorbid anxiety symptoms or disorders: a review},
	author = {Gao, Keming and Muzina, David and Gajwani, Prashant and Calabrese, Joseph R.},
	year = {2006},
	month = {09},
	date = {2006-09},
	journal = {The Journal of Clinical Psychiatry},
	pages = {1327--1340},
	volume = {67},
	number = {9},
	doi = {10.4088/jcp.v67n0902},
	note = {PMID: 17017818},
	langid = {eng}
}

@article{morin2014,
	title = {Off-label use of atypical antipsychotic agents for treatment of insomnia},
	author = {Morin, Anna K},
	year = {2014},
	month = {03},
	date = {2014-03-01},
	journal = {Mental Health Clinician},
	pages = {65--72},
	volume = {4},
	number = {2},
	doi = {10.9740/mhc.n190091},
	url = {https://meridian.allenpress.com/mhc/article/4/2/65/37087/Offlabel-use-of-atypical-antipsychotic-agents-for},
	langid = {en}
}

@article{cesková2021,
	title = {From Personalized Medicine to Precision Psychiatry?},
	author = {{{\v{C}}e{\v{s}}ková}, Eva and {{\v{S}}ilhán}, Petr},
	year = {2021},
	month = {12},
	date = {2021-12},
	journal = {Neuropsychiatric Disease and Treatment},
	pages = {3663--3668},
	volume = {Volume 17},
	doi = {10.2147/NDT.S337814},
	url = {https://www.dovepress.com/from-personalized-medicine-to-precision-psychiatry-peer-reviewed-fulltext-article-NDT},
	langid = {en}
}

@article{visvikissiest2020,
	title = {Milestones in Personalized Medicine: From the Ancient Time to Nowadays{\textemdash}the Provocation of COVID-19},
	author = {Visvikis-Siest, Sophie and Theodoridou, Danai and Kontoe, Maria-Spyridoula and Kumar, Satish and Marschler, Michael},
	year = {2020},
	month = {11},
	date = {2020-11-30},
	journal = {Frontiers in Genetics},
	pages = {569175},
	volume = {11},
	doi = {10.3389/fgene.2020.569175},
	url = {https://www.frontiersin.org/articles/10.3389/fgene.2020.569175/full}
}

@article{manzoni2018,
	title = {Genome, transcriptome and proteome: the rise of omics data and their integration in biomedical sciences},
	author = {Manzoni, Claudia and Kia, Demis A. and Vandrovcova, Jana and Hardy, John and Wood, Nicholas W. and Lewis, Patrick A. and Ferrari, Raffaele},
	year = {2018},
	month = {03},
	date = {2018-03-01},
	journal = {Briefings in Bioinformatics},
	pages = {286--302},
	volume = {19},
	number = {2},
	doi = {10.1093/bib/bbw114},
	note = {PMID: 27881428
PMCID: PMC6018996},
	langid = {eng}
}

@article{maciukiewicz2018,
	title = {GWAS-based machine learning approach to predict duloxetine response in major depressive disorder},
	author = {Maciukiewicz, Malgorzata and Marshe, Victoria S. and Hauschild, Anne-Christin and Foster, Jane A. and Rotzinger, Susan and Kennedy, James L. and Kennedy, Sidney H. and {Müller}, Daniel J. and Geraci, Joseph},
	year = {2018},
	month = {04},
	date = {2018-04},
	journal = {Journal of Psychiatric Research},
	pages = {62--68},
	volume = {99},
	doi = {10.1016/j.jpsychires.2017.12.009},
	url = {https://linkinghub.elsevier.com/retrieve/pii/S0022395617306945},
	langid = {en}
}

@article{athreya2018,
	title = {Augmentation of Physician Assessments with Multi-Omics Enhances Predictability of Drug Response: A Case Study of Major Depressive Disorder},
	author = {Athreya, Arjun and Iyer, Ravishankar and Neavin, Drew and Wang, Liewei and Weinshilboum, Richard and Kaddurah-Daouk, Rima and Rush, John and Frye, Mark and Bobo, William},
	year = {2018},
	month = {08},
	date = {2018-08},
	journal = {IEEE Computational Intelligence Magazine},
	pages = {20--31},
	volume = {13},
	number = {3},
	doi = {10.1109/MCI.2018.2840660},
	url = {https://ieeexplore.ieee.org/document/8416980/}
}


@article{lee_applications_2018,
	title = {Applications of machine learning algorithms to predict therapeutic outcomes in depression: {A} meta-analysis and systematic review},
	volume = {241},
	issn = {01650327},
	shorttitle = {Applications of machine learning algorithms to predict therapeutic outcomes in depression},
	url = {https://linkinghub.elsevier.com/retrieve/pii/S0165032718304853},
	doi = {10.1016/j.jad.2018.08.073},
	language = {en},
	urldate = {2022-05-03},
	journal = {Journal of Affective Disorders},
	author = {Lee, Yena and Ragguett, Renee-Marie and Mansur, Rodrigo B. and Boutilier, Justin J. and Rosenblat, Joshua D. and Trevizol, Alisson and Brietzke, Elisa and Lin, Kangguang and Pan, Zihang and Subramaniapillai, Mehala and Chan, Timothy C.Y. and Fus, Dominika and Park, Caroline and Musial, Natalie and Zuckerman, Hannah and Chen, Vincent Chin-Hung and Ho, Roger and Rong, Carola and McIntyre, Roger S.},
	month = dec,
	year = {2018},
	pages = {519--532},
}

@article{chang2019,
	title = {ARPNet: Antidepressant Response Prediction Network for Major Depressive Disorder},
	author = {Chang, Buru and Choi, Yonghwa and Jeon, Minji and Lee, Junhyun and Han, Kyu-Man and Kim, Aram and Ham, Byung-Joo and Kang, Jaewoo},
	year = {2019},
	month = {11},
	date = {2019-11-07},
	journal = {Genes},
	pages = {E907},
	volume = {10},
	number = {11},
	doi = {10.3390/genes10110907},
	note = {PMID: 31703457
PMCID: PMC6895829},
	langid = {eng}
}

@article{zhang2019,
	title = {Schizophrenia Polygenic Risk Score as a Predictor of Antipsychotic Efficacy in First-Episode Psychosis},
	author = {Zhang, Jian-Ping and Robinson, Delbert and Yu, Jin and Gallego, Juan and Fleischhacker, W. Wolfgang and Kahn, Rene S. and Crespo-Facorro, Benedicto and Vazquez-Bourgon, Javier and Kane, John M. and Malhotra, Anil K. and Lencz, Todd},
	year = {2019},
	month = {01},
	date = {2019-01-01},
	journal = {The American Journal of Psychiatry},
	pages = {21--28},
	volume = {176},
	number = {1},
	doi = {10.1176/appi.ajp.2018.17121363},
	note = {PMID: 30392411
PMCID: PMC6461047},
	langid = {eng}
}

@article{viviangriffiths2019,
	title = {Predictive modeling of schizophrenia from genomic data: Comparison of polygenic risk score with kernel support vector machines approach},
	author = {Vivian-Griffiths, Timothy and Baker, Emily and Schmidt, Karl M. and Bracher-Smith, Matthew and Walters, James and Artemiou, Andreas and Holmans, Peter and {O'Donovan}, Michael C. and Owen, Michael J. and Pocklington, Andrew and Escott-Price, Valentina},
	year = {2019},
	month = {01},
	date = {2019-01},
	journal = {American Journal of Medical Genetics. Part B, Neuropsychiatric Genetics: The Official Publication of the International Society of Psychiatric Genetics},
	pages = {80--85},
	volume = {180},
	number = {1},
	doi = {10.1002/ajmg.b.32705},
	note = {PMID: 30516002
PMCID: PMC6492016},
	langid = {eng}
}

@article{boloc2018,
	title = {Improving pharmacogenetic prediction of extrapyramidal symptoms induced by antipsychotics},
	author = {Boloc, Daniel and Gortat, Anna and Cheng-Zhang, Jia Qi and {García-Cerro}, Susana and {Rodríguez}, Natalia and Parellada, Mara and Saiz-Ruiz, Jeronimo and Cuesta, Manolo J. and {Gassó}, Patricia and Lafuente, Amalia and Bernardo, Miquel and Mas, Sergi},
	year = {2018},
	month = {12},
	date = {2018-12-13},
	journal = {Translational Psychiatry},
	pages = {276},
	volume = {8},
	number = {1},
	doi = {10.1038/s41398-018-0330-4},
	note = {PMID: 30546092
PMCID: PMC6293322},
	langid = {eng}
}

@article{masychev2020,
	title = {Quantitative biomarkers to predict response to clozapine treatment using resting EEG data},
	author = {Masychev, Kirill and Ciprian, Claudio and Ravan, Maryam and Manimaran, Akshaya and Deshmukh, AnkitaAmol},
	year = {2020},
	month = {09},
	date = {2020-09},
	journal = {Schizophrenia Research},
	pages = {289--296},
	volume = {223},
	doi = {10.1016/j.schres.2020.08.017},
	note = {PMID: 32928617},
	langid = {eng}
}

@article{ciprian2020,
	title = {A Machine Learning Approach Using Effective Connectivity to Predict Response to Clozapine Treatment},
	author = {Ciprian, Claudio and Masychev, Kirill and Ravan, Maryam and Reilly, James P. and Maccrimmon, Duncan},
	year = {2020},
	month = {12},
	date = {2020-12},
	journal = {IEEE transactions on neural systems and rehabilitation engineering: a publication of the IEEE Engineering in Medicine and Biology Society},
	pages = {2598--2607},
	volume = {28},
	number = {12},
	doi = {10.1109/TNSRE.2020.3019685},
	note = {PMID: 33513093},
	langid = {eng}
}

@article{simon2021,
	title = {Using EEG to Predict Clinical Response to Electroconvulsive Therapy in Patients With Major Depression: A Comprehensive Review},
	author = {Simon, Louis and Blay, Martin and Galvao, Filipe and Brunelin, Jerome},
	year = {2021},
	month = {06},
	date = {2021-06-24},
	journal = {Frontiers in Psychiatry},
	pages = {643710},
	volume = {12},
	doi = {10.3389/fpsyt.2021.643710},
	url = {https://www.frontiersin.org/articles/10.3389/fpsyt.2021.643710/full}
}

@article{pardiñas2021,
	title = {Pharmacogenomics: A road ahead for precision medicine in psychiatry},
	author = {{Pardiñas}, Antonio F. and Owen, Michael J. and Walters, James T. R.},
	year = {2021},
	month = {12},
	date = {2021-12-15},
	journal = {Neuron},
	pages = {3914--3929},
	volume = {109},
	number = {24},
	doi = {10.1016/j.neuron.2021.09.011},
	note = {PMID: 34619094},
	langid = {eng}
}

@article{takeuchi2019,
	title = {Does relapse contribute to treatment resistance? Antipsychotic response in first- vs. second-episode schizophrenia},
	author = {Takeuchi, Hiroyoshi and Siu, Cynthia and Remington, Gary and Fervaha, Gagan and Zipursky, Robert B. and Foussias, George and Agid, Ofer},
	year = {2019},
	month = {05},
	date = {2019-05},
	journal = {Neuropsychopharmacology: Official Publication of the American College of Neuropsychopharmacology},
	pages = {1036--1042},
	volume = {44},
	number = {6},
	doi = {10.1038/s41386-018-0278-3},
	note = {PMID: 30514883
PMCID: PMC6462044},
	langid = {eng}
}


@article{lee_changes_2018,
	title = {Changes in antipsychotic drug usage and factors affecting the use of typical drugs based on nationwide health insurance data in {South} {Korea}},
	volume = {8},
	issn = {2044-6055, 2044-6055},
	url = {https://bmjopen.bmj.com/lookup/doi/10.1136/bmjopen-2017-020280},
	doi = {10.1136/bmjopen-2017-020280},
	language = {en},
	number = {6},
	urldate = {2022-05-03},
	journal = {BMJ Open},
	author = {Lee, Sang Uk and Ryu, Vin and Soh, Minah and Kim, Chul-Eung and Park, Subin and Roh, Sungwon and Oh, In-Hwan and Lee, Hye-Young and Choi, SungKu},
	month = jun,
	year = {2018},
	pages = {e020280},
	file = {Full Text:C\:\\Users\\Ansel\\Zotero\\storage\\GCQPRBRN\\Lee et al. - 2018 - Changes in antipsychotic drug usage and factors af.pdf:application/pdf},
}

@article{yun2019,
	title = {Korean Treatment Guideline on Pharmacotherapy of Co-existing Symptoms and Antipsychotics-related Side Effects in Patients with Schizophrenia},
	author = {Yun, Je-Yeon and Lee, Jungsuk and Kang, Shi Hyun and Beomwoo, {Nam，} and Lee, Seung Jae and Lee, Seunghwan and Choi, Joonho and Kim, Chan Hyung and Chung, Young Chul},
	year = {2019},
	date = {2019},
	journal = {Korean Journal of Schizophrenia Research},
	pages = {21--33},
	volume = {22},
	number = {2},
	doi = {10.16946/kjsr.2019.22.2.21},
	url = {https://www.kci.go.kr/kciportal/ci/sereArticleSearch/ciSereArtiView.kci?sereArticleSearchBean.artiId=ART002519171},
	note = {Publisher: Korean Academy of Schizophrenia},
	langid = {kr}
}

@article{sinyor2010,
	title = {The sequenced treatment alternatives to relieve depression (STAR*D) trial: a review},
	author = {Sinyor, Mark and Schaffer, Ayal and Levitt, Anthony},
	year = {2010},
	month = {03},
	date = {2010-03},
	journal = {Canadian Journal of Psychiatry. Revue Canadienne De Psychiatrie},
	pages = {126--135},
	volume = {55},
	number = {3},
	doi = {10.1177/070674371005500303},
	note = {PMID: 20370962},
	langid = {eng}
}

@article{li2021,
	title = {Sequential Multiple-Assignment Randomized Trials to Compare Antipsychotic Treatments (SMART-CAT) in first-episode schizophrenia patients: Rationale and trial design},
	author = {Li, Xuan and Guo, Xiaoyun and Fan, Xiaoduo and Feng, Tienan and Wang, Chuanyue and Yao, Zhijian and Xu, Xiufeng and Chen, Zhiyu and Wang, Huiling and Xie, Shoufu and He, Jiangjiang and Zhuo, Kaiming and Xiang, Qiong and Cen, Haixin and Wang, Jinhong and Smith, Robert C. and Jin, Hua and Keshavan, Matcheri S. and Marder, Stephen R. and Davis, John M. and Jiang, Kaida and Xu, Yifeng and Liu, Dengtang},
	year = {2021},
	month = {04},
	date = {2021-04},
	journal = {Schizophrenia Research},
	pages = {87--94},
	volume = {230},
	doi = {10.1016/j.schres.2020.11.010},
	note = {PMID: 33279374},
	langid = {eng}
}
