
@article{keks2019,
	title = {Stopping and switching antipsychotic drugs},
	author = {Keks, Nicholas and Schwartz, Darren and Hope, Judy},
	year = {2019},
	month = {10},
	date = {2019-10},
	journal = {Australian Prescriber},
	pages = {152--157},
	volume = {42},
	number = {5},
	doi = {10.18773/austprescr.2019.052},
	note = {PMID: 31631928
PMCID: PMC6787301},
	langid = {eng}
}

@article{grande2014,
	title = {Antipsychotic switching in bipolar disorders: a systematic review},
	author = {Grande, Iria and Bernardo, Miquel and Bobes, Julio and Saiz-Ruiz, {Jerónimo} and {Álamo}, Cecilio and Vieta, Eduard},
	year = {2014},
	month = {03},
	date = {2014-03},
	journal = {The International Journal of Neuropsychopharmacology},
	pages = {497--507},
	volume = {17},
	number = {03},
	doi = {10.1017/S1461145713001168},
	url = {https://academic.oup.com/ijnp/article-lookup/doi/10.1017/S1461145713001168},
	langid = {en}
}

@article{wunderink2013,
	title = {Recovery in remitted first-episode psychosis at 7 years of follow-up of an early dose reduction/discontinuation or maintenance treatment strategy: long-term follow-up of a 2-year randomized clinical trial},
	author = {Wunderink, Lex and Nieboer, Roeline M. and Wiersma, Durk and Sytema, Sjoerd and Nienhuis, Fokko J.},
	year = {2013},
	month = {09},
	date = {2013-09},
	journal = {JAMA psychiatry},
	pages = {913--920},
	volume = {70},
	number = {9},
	doi = {10.1001/jamapsychiatry.2013.19},
	note = {PMID: 23824214},
	langid = {eng}
}

@article{wunderink2007,
	title = {Guided discontinuation versus maintenance treatment in remitted first-episode psychosis: relapse rates and functional outcome},
	author = {Wunderink, Lex and Nienhuis, Fokko J. and Sytema, Sjoerd and Slooff, Cees J. and Knegtering, Rikus and Wiersma, Durk},
	year = {2007},
	month = {05},
	date = {2007-05},
	journal = {The Journal of Clinical Psychiatry},
	pages = {654--661},
	volume = {68},
	number = {5},
	doi = {10.4088/jcp.v68n0502},
	note = {PMID: 17503973},
	langid = {eng}
}

@article{undurraga2014,
	title = {Early medication discontinuation on long-term recovery outcome in first-episode psychosis},
	author = {Undurraga, Juan and Murru, Andrea and Vieta, Eduard},
	year = {2014},
	month = {02},
	date = {2014-02},
	journal = {JAMA psychiatry},
	pages = {206--207},
	volume = {71},
	number = {2},
	doi = {10.1001/jamapsychiatry.2013.2993},
	note = {PMID: 24500627},
	langid = {eng}
}

@article{hui2014,
	title = {Early medication discontinuation on long-term recovery outcome in first-episode psychosis},
	author = {Hui, Christy L. M. and Chen, Eric Y. H.},
	year = {2014},
	month = {02},
	date = {2014-02},
	journal = {JAMA psychiatry},
	pages = {207--208},
	volume = {71},
	number = {2},
	doi = {10.1001/jamapsychiatry.2013.3697},
	note = {PMID: 24500628},
	langid = {eng}
}

@article{elzinga2014,
	title = {Dose reduction/discontinuation for first-episode psychosis},
	author = {Elzinga, Wieteke S. and Schulte, Peter F. J.},
	year = {2014},
	month = {05},
	date = {2014-05},
	journal = {JAMA psychiatry},
	pages = {585},
	volume = {71},
	number = {5},
	doi = {10.1001/jamapsychiatry.2013.4655},
	note = {PMID: 24806213},
	langid = {eng}
}

@article{harrow2021,
	title = {Twenty-year effects of antipsychotics in schizophrenia and affective psychotic disorders},
	author = {Harrow, Martin and Jobe, Thomas H. and Tong, Liping},
	year = {2021},
	month = {02},
	date = {2021-02-08},
	journal = {Psychological Medicine},
	pages = {1--11},
	doi = {10.1017/S0033291720004778},
	note = {PMID: 33550993},
	langid = {eng}
}

@article{pierre2021,
	title = {Antipsychotic discontinuation and recovery: chicken or egg?},
	author = {Pierre, Joseph M. and Zito, Michael F. and Yang, Yvonne S. and Marder, Stephen R.},
	year = {2021},
	month = {06},
	date = {2021-06-24},
	journal = {Psychological Medicine},
	pages = {1--2},
	doi = {10.1017/S0033291721001872},
	url = {https://www.cambridge.org/core/product/identifier/S0033291721001872/type/journal_article},
	langid = {en}
}

@article{luykx2021,
	title = {Antipsychotic discontinuation: mind the patient and the real-world evidence},
	author = {Luykx, Jurjen J and Tiihonen, Jari},
	year = {2021},
	month = {07},
	date = {2021-07},
	journal = {The Lancet Psychiatry},
	pages = {555--557},
	volume = {8},
	number = {7},
	doi = {10.1016/S2215-0366(21)00159-0},
	url = {https://linkinghub.elsevier.com/retrieve/pii/S2215036621001590},
	langid = {en}
}

@article{speyer2020,
	title = {Discontinuation of antipsychotic medication-time to rethink trial design},
	author = {Speyer, Helene and Begemann, Marieke and Albert, Nikolai and Weller, Amber and Nordentoft, Merete and Veling, Wim and Sommer, Iris E. and Allott, Kelly and Killackey, {Eóin}},
	year = {2020},
	month = {10},
	date = {2020-10},
	journal = {The Lancet. Psychiatry},
	pages = {841--842},
	volume = {7},
	number = {10},
	doi = {10.1016/S2215-0366(20)30340-0},
	note = {PMID: 32949515},
	langid = {eng}
}

@article{moilanen2013,
	title = {Characteristics of subjects with schizophrenia spectrum disorder with and without antipsychotic medication - a 10-year follow-up of the Northern Finland 1966 Birth Cohort study},
	author = {Moilanen, J. and Haapea, M. and Miettunen, J. and {Jääskeläinen}, E. and Veijola, J. and Isohanni, M. and Koponen, H.},
	year = {2013},
	month = {01},
	date = {2013-01},
	journal = {European Psychiatry: The Journal of the Association of European Psychiatrists},
	pages = {53--58},
	volume = {28},
	number = {1},
	doi = {10.1016/j.eurpsy.2011.06.009},
	note = {PMID: 21920710},
	langid = {eng}
}

@article{jääskeläinen2015,
	title = {Twenty Years of Schizophrenia Research in the Northern Finland Birth Cohort 1966: A Systematic Review},
	author = {{Jääskeläinen}, Erika and Haapea, Marianne and Rautio, Nina and Juola, Pauliina and {Penttilä}, Matti and {Nordström}, Tanja and Rissanen, Ina and Husa, Anja and Keskinen, Emmi and Marttila, Riikka and Filatova, Svetlana and Paaso, Tiina-Mari and Koivukangas, Jenni and Moilanen, Kristiina and Isohanni, Matti and Miettunen, Jouko},
	year = {2015},
	date = {2015},
	journal = {Schizophrenia Research and Treatment},
	pages = {524875},
	volume = {2015},
	doi = {10.1155/2015/524875},
	note = {PMID: 26090224
PMCID: PMC4452001},
	langid = {eng}
}

@article{juola2013,
	title = {Predictors of short- and long-term clinical outcome in schizophrenic psychosis--the Northern Finland 1966 Birth Cohort study},
	author = {Juola, P. and Miettunen, J. and Veijola, J. and Isohanni, M. and {Jääskeläinen}, E.},
	year = {2013},
	month = {06},
	date = {2013-06},
	journal = {European Psychiatry: The Journal of the Association of European Psychiatrists},
	pages = {263--268},
	volume = {28},
	number = {5},
	doi = {10.1016/j.eurpsy.2011.11.001},
	note = {PMID: 22503721},
	langid = {eng}
}

@article{tani2018,
	title = {Clinical Characteristics of Patients With Schizophrenia Who Successfully Discontinued Antipsychotics: A Literature Review},
	author = {Tani, Hideaki and Suzuki, Takefumi and Wolfgang Fleischhacker, W. and Tomita, Masayuki and Mimura, Masaru and Uchida, Hiroyuki},
	year = {2018},
	month = {12},
	date = {2018-12},
	journal = {Journal of Clinical Psychopharmacology},
	pages = {582--589},
	volume = {38},
	number = {6},
	doi = {10.1097/JCP.0000000000000959},
	note = {PMID: 30300291},
	langid = {eng}
}

@article{welch2000,
	title = {Are increasing 5-year survival rates evidence of success against cancer?},
	author = {Welch, H. G. and Schwartz, L. M. and Woloshin, S.},
	year = {2000},
	month = {06},
	date = {2000-06-14},
	journal = {JAMA},
	pages = {2975--2978},
	volume = {283},
	number = {22},
	doi = {10.1001/jama.283.22.2975},
	note = {PMID: 10865276},
	langid = {eng}
}

@article{hubbard2012,
	title = {Five-year survival does not equal cure in non-small cell lung cancer: a Surveillance, Epidemiology, and End Results-based analysis of variables affecting 10- to 18-year survival},
	author = {Hubbard, Matthew O. and Fu, Pingfu and Margevicius, Seunghee and Dowlati, Afshin and Linden, Philip A.},
	year = {2012},
	month = {06},
	date = {2012-06},
	journal = {The Journal of Thoracic and Cardiovascular Surgery},
	pages = {1307--1313},
	volume = {143},
	number = {6},
	doi = {10.1016/j.jtcvs.2012.01.078},
	note = {PMID: 22361247},
	langid = {eng}
}

@article{remington2017,
	title = {Guidelines for the Pharmacotherapy of Schizophrenia in Adults},
	author = {Remington, Gary and Addington, Donald and Honer, William and Ismail, Zahinoor and Raedler, Thomas and Teehan, Michael},
	year = {2017},
	month = {09},
	date = {2017-09},
	journal = {Canadian Journal of Psychiatry. Revue Canadienne De Psychiatrie},
	pages = {604--616},
	volume = {62},
	number = {9},
	doi = {10.1177/0706743717720448},
	note = {PMID: 28703015
PMCID: PMC5593252},
	langid = {eng}
}

@article{correll2022,
	title = {Systematic literature review of schizophrenia clinical practice guidelines on acute and maintenance management with antipsychotics},
	author = {Correll, Christoph U. and Martin, Amber and Patel, Charmi and Benson, Carmela and Goulding, Rebecca and Kern-Sliwa, Jennifer and Joshi, Kruti and Schiller, Emma and Kim, Edward},
	year = {2022},
	month = {02},
	date = {2022-02-24},
	journal = {Schizophrenia},
	volume = {8},
	number = {1},
	doi = {10.1038/s41537-021-00192-x},
	url = {http://dx.doi.org/10.1038/s41537-021-00192-x}
}

@article{leucht2012,
	title = {Antipsychotic drugs versus placebo for relapse prevention in schizophrenia: a systematic review and meta-analysis},
	author = {Leucht, Stefan and Tardy, Magdolna and Komossa, Katja and Heres, Stephan and Kissling, Werner and Salanti, Georgia and Davis, John M.},
	year = {2012},
	month = {06},
	date = {2012-06-02},
	journal = {Lancet (London, England)},
	pages = {2063--2071},
	volume = {379},
	number = {9831},
	doi = {10.1016/S0140-6736(12)60239-6},
	note = {PMID: 22560607},
	langid = {eng}
}

@article{lieberman2005,
	title = {Effectiveness of antipsychotic drugs in patients with chronic schizophrenia},
	author = {Lieberman, Jeffrey A. and Stroup, T. Scott and McEvoy, Joseph P. and Swartz, Marvin S. and Rosenheck, Robert A. and Perkins, Diana O. and Keefe, Richard S. E. and Davis, Sonia M. and Davis, Clarence E. and Lebowitz, Barry D. and Severe, Joanne and Hsiao, John K. and {Clinical Antipsychotic Trials of Intervention Effectiveness (CATIE) Investigators}, },
	year = {2005},
	month = {09},
	date = {2005-09-22},
	journal = {The New England Journal of Medicine},
	pages = {1209--1223},
	volume = {353},
	number = {12},
	doi = {10.1056/NEJMoa051688},
	note = {PMID: 16172203},
	langid = {eng}
}

@article{aschersvanum2006,
	title = {Time to discontinuation of atypical versus typical antipsychotics in the naturalistic treatment of schizophrenia},
	author = {Ascher-Svanum, Haya and Zhu, Baojin and Faries, Douglas and Landbloom, Ron and Swartz, Marvin and Swanson, Jeff},
	year = {2006},
	month = {12},
	date = {2006-12},
	journal = {BMC Psychiatry},
	pages = {8},
	volume = {6},
	number = {1},
	doi = {10.1186/1471-244X-6-8},
	url = {https://bmcpsychiatry.biomedcentral.com/articles/10.1186/1471-244X-6-8},
	langid = {en}
}

@article{emsley2018,
	title = {Antipsychotic maintenance treatment in schizophrenia and the importance of preventing relapse},
	author = {Emsley, Robin},
	year = {2018},
	month = {06},
	date = {2018-06},
	journal = {World psychiatry: official journal of the World Psychiatric Association (WPA)},
	pages = {168--169},
	volume = {17},
	number = {2},
	doi = {10.1002/wps.20521},
	note = {PMID: 29856555
PMCID: PMC5980581},
	langid = {eng}
}

@article{gitlin2001,
	title = {Clinical Outcome Following Neuroleptic Discontinuation in Patients With Remitted Recent-Onset Schizophrenia},
	author = {Gitlin, Michael and Nuechterlein, Keith and Subotnik, Kenneth L. and Ventura, Joseph and Mintz, Jim and Fogelson, David L. and Bartzokis, George and Aravagiri, Manickam},
	year = {2001},
	month = {11},
	date = {2001-11},
	journal = {American Journal of Psychiatry},
	pages = {1835--1842},
	volume = {158},
	number = {11},
	doi = {10.1176/appi.ajp.158.11.1835},
	url = {http://psychiatryonline.org/doi/abs/10.1176/appi.ajp.158.11.1835},
	langid = {en}
}

@article{tiihonen2018,
	title = {20-Year Nationwide Follow-Up Study on Discontinuation of Antipsychotic Treatment in First-Episode Schizophrenia},
	author = {Tiihonen, Jari and Tanskanen, Antti and Taipale, Heidi},
	year = {2018},
	month = {08},
	date = {2018-08-01},
	journal = {The American Journal of Psychiatry},
	pages = {765--773},
	volume = {175},
	number = {8},
	doi = {10.1176/appi.ajp.2018.17091001},
	note = {PMID: 29621900},
	langid = {eng}
}

@article{lally2017,
	title = {Remission and recovery from first-episode psychosis in adults: systematic review and meta-analysis of long-term outcome studies},
	author = {Lally, John and Ajnakina, Olesya and Stubbs, Brendon and Cullinane, Michael and Murphy, Kieran C. and Gaughran, Fiona and Murray, Robin M.},
	year = {2017},
	month = {12},
	date = {2017-12},
	journal = {The British Journal of Psychiatry: The Journal of Mental Science},
	pages = {350--358},
	volume = {211},
	number = {6},
	doi = {10.1192/bjp.bp.117.201475},
	note = {PMID: 28982659},
	langid = {eng}
}

@article{gaebel2011,
	title = {Relapse prevention in first-episode schizophrenia--maintenance vs intermittent drug treatment with prodrome-based early intervention: results of a randomized controlled trial within the German Research Network on Schizophrenia},
	author = {Gaebel, Wolfgang and Riesbeck, Mathias and {Wölwer}, Wolfgang and Klimke, Ansgar and Eickhoff, Matthias and von Wilmsdorff, Martina and Lemke, Matthias and Heuser, Isabella and Maier, Wolfgang and Huff, Wolfgang and Schmitt, Andrea and Sauer, Heinrich and Riedel, Michael and Klingberg, Stefan and {Köpcke}, Wolfgang and Ohmann, Christian and {Möller}, {Hans-Jürgen} and German Study Group on First-Episode Schizophrenia, },
	year = {2011},
	month = {02},
	date = {2011-02},
	journal = {The Journal of Clinical Psychiatry},
	pages = {205--218},
	volume = {72},
	number = {2},
	doi = {10.4088/JCP.09m05459yel},
	note = {PMID: 20673559},
	langid = {eng}
}

@article{sampson2013,
	title = {Intermittent drug techniques for schizophrenia},
	author = {Sampson, Stephanie and Joshi, Kajal and Mansour, Mouhamad and Adams, Clive E.},
	year = {2013},
	month = {09},
	date = {2013-09},
	journal = {Schizophrenia Bulletin},
	pages = {960--961},
	volume = {39},
	number = {5},
	doi = {10.1093/schbul/sbt096},
	note = {PMID: 23861538
PMCID: PMC3756794},
	langid = {eng}
}

@article{emsley2012,
	title = {Symptom recurrence following intermittent treatment in first-episode schizophrenia successfully treated for 2 years: a 3-year open-label clinical study},
	author = {Emsley, Robin and Oosthuizen, Petrus P. and Koen, Liezl and Niehaus, Dana J. H. and Martinez, Guadalupe},
	year = {2012},
	month = {04},
	date = {2012-04},
	journal = {The Journal of Clinical Psychiatry},
	pages = {e541--547},
	volume = {73},
	number = {4},
	doi = {10.4088/JCP.11m07138},
	note = {PMID: 22579160},
	langid = {eng}
}

@article{schoretsanitis2022,
	title = {Predictors of Lack of Relapse After Random Discontinuation of Oral and Long-acting Injectable Antipsychotics in Clinically Stabilized Patients with Schizophrenia: A Re-analysis of Individual Participant Data},
	author = {Schoretsanitis, Georgios and Kane, John M and Correll, Christoph U and Rubio, Jose M},
	year = {2022},
	month = {03},
	date = {2022-03-01},
	journal = {Schizophrenia Bulletin},
	pages = {296--306},
	volume = {48},
	number = {2},
	doi = {10.1093/schbul/sbab091},
	url = {https://academic.oup.com/schizophreniabulletin/article/48/2/296/6342651},
	langid = {en}
}

@article{weiden2017,
	title = {Does Half-Life Matter After Antipsychotic Discontinuation?: A Relapse Comparison in Schizophrenia With 3 Different Formulations of Paliperidone},
	author = {Weiden, Peter J. and Kim, Edward and Bermak, Jason and Turkoz, Ibrahim and Gopal, Srihari and Berwaerts, Joris},
	year = {2017},
	month = {08},
	date = {2017-08-23},
	journal = {The Journal of Clinical Psychiatry},
	pages = {e813--e820},
	volume = {78},
	number = {7},
	doi = {10.4088/JCP.16m11308},
	url = {http://www.psychiatrist.com/JCP/article/Pages/2017/v78n07/16m11308.aspx}
}

@article{brandt2020,
	title = {Antipsychotic Withdrawal Symptoms: A Systematic Review and Meta-Analysis},
	author = {Brandt, Lasse and Bschor, Tom and Henssler, Jonathan and {Müller}, Martin and Hasan, Alkomiet and Heinz, Andreas and Gutwinski, Stefan},
	year = {2020},
	date = {2020},
	journal = {Frontiers in Psychiatry},
	pages = {569912},
	volume = {11},
	doi = {10.3389/fpsyt.2020.569912},
	note = {PMID: 33132934
PMCID: PMC7552943},
	langid = {eng}
}

@article{costardi2021,
	title = {Individualizing tapering antipsychotic schemes considering D2 blockade dynamics},
	author = {Costardi, Carlos G and Gadelha, Ary and Bressan, Rodrigo A},
	year = {2021},
	month = {09},
	date = {2021-09},
	journal = {Journal of Psychopharmacology},
	pages = {1161--1162},
	volume = {35},
	number = {9},
	doi = {10.1177/02698811211000780},
	url = {http://journals.sagepub.com/doi/10.1177/02698811211000780},
	langid = {en}
}

@article{horowitz2021,
	title = {A Method for Tapering Antipsychotic Treatment That May Minimize the Risk of Relapse},
	author = {Horowitz, Mark Abie and Jauhar, Sameer and Natesan, Sridhar and Murray, Robin M and Taylor, David},
	year = {2021},
	month = {07},
	date = {2021-07-08},
	journal = {Schizophrenia Bulletin},
	pages = {1116--1129},
	volume = {47},
	number = {4},
	doi = {10.1093/schbul/sbab017},
	url = {https://academic.oup.com/schizophreniabulletin/article/47/4/1116/6178746},
	langid = {en}
}

@article{liu2020,
	title = {Achieving the Lowest Effective Antipsychotic Dose for Patients with Remitted Psychosis: A Proposed Guided Dose-Reduction Algorithm},
	author = {Liu, Chen-Chung and Takeuchi, Hiroyoshi},
	year = {2020},
	month = {02},
	date = {2020-02},
	journal = {CNS drugs},
	pages = {117--126},
	volume = {34},
	number = {2},
	doi = {10.1007/s40263-019-00682-8},
	note = {PMID: 31741178},
	langid = {eng}
}

@article{liu2021,
	title = {Challenging the Minimum Effective Antipsychotic Dose During Maintenance: Implications From 10-Year Follow-Up of First Episode Psychosis},
	author = {Liu, Chen-Chung and Liu, Chih-Min and Chien, Yi-Ling and Lin, Yi-Ting and Hsieh, Ming H. and Hwang, Tzung-Jeng and Hwu, Hai-Gwo},
	year = {2021},
	month = {09},
	date = {2021-09-07},
	journal = {Frontiers in Psychiatry},
	pages = {714878},
	volume = {12},
	doi = {10.3389/fpsyt.2021.714878},
	url = {https://www.frontiersin.org/articles/10.3389/fpsyt.2021.714878/full}
}

@article{brooks1959,
	title = {Withdrawal from neuroleptic drugs},
	author = {Brooks, G. W.},
	year = {1959},
	month = {04},
	date = {1959-04},
	journal = {The American Journal of Psychiatry},
	pages = {931--932},
	volume = {115},
	number = {10},
	doi = {10.1176/ajp.115.10.931},
	note = {PMID: 13637259},
	langid = {eng}
}

@article{luchins1980,
	title = {The role of cholinergic supersensitivity in the medical symptoms associated with withdrawal of antipsychotic drugs},
	author = {Luchins, D. J. and Freed, W. J. and Wyatt, R. J.},
	year = {1980},
	month = {11},
	date = {1980-11},
	journal = {The American Journal of Psychiatry},
	pages = {1395--1398},
	volume = {137},
	number = {11},
	doi = {10.1176/ajp.137.11.1395},
	note = {PMID: 6108078},
	langid = {eng}
}

@article{lieberman1981,
	title = {Cholinergic rebound in neuroleptic withdrawal syndromes},
	author = {Lieberman, J.},
	year = {1981},
	month = {04},
	date = {1981-04},
	journal = {The Journal of Clinical Psychiatry},
	pages = {179},
	volume = {42},
	number = {4},
	note = {PMID: 6110656},
	langid = {eng}
}

@article{stanilla1997,
	title = {Clozapine withdrawal resulting in delirium with psychosis: a report of three cases},
	author = {Stanilla, J. K. and de Leon, J. and Simpson, G. M.},
	year = {1997},
	month = {06},
	date = {1997-06},
	journal = {The Journal of Clinical Psychiatry},
	pages = {252--255},
	volume = {58},
	number = {6},
	doi = {10.4088/jcp.v58n0603},
	note = {PMID: 9228890},
	langid = {eng}
}

@article{galova2019,
	title = {A case report of cholinergic rebound syndrome following abrupt low-dose clozapine discontinuation in a patient with type I bipolar affective disorder},
	author = {Galova, Andrea and Berney, Patricia and Desmeules, Jules and Sergentanis, Ioannis and Besson, Marie},
	year = {2019},
	month = {12},
	date = {2019-12},
	journal = {BMC Psychiatry},
	pages = {73},
	volume = {19},
	number = {1},
	doi = {10.1186/s12888-019-2055-1},
	url = {https://bmcpsychiatry.biomedcentral.com/articles/10.1186/s12888-019-2055-1},
	langid = {en}
}

@article{delassusguenault1999,
	title = {Clozapine-olanzapine: a potentially dangerous switch. A report of two cases},
	author = {Delassus-Guenault, N. and Jegouzo, A. and Odou, P. and Seguret, T. and Zangerlin, H. and Vignole, E. and Robert, H.},
	year = {1999},
	month = {06},
	date = {1999-06},
	journal = {Journal of Clinical Pharmacy and Therapeutics},
	pages = {191--195},
	volume = {24},
	number = {3},
	doi = {10.1046/j.1365-2710.1999.00218.x},
	note = {PMID: 10438178},
	langid = {eng}
}

@article{blackman2021,
	title = {Clozapine discontinuation withdrawal symptoms in schizophrenia},
	author = {Blackman, Graham and Oloyede, Ebenezer},
	year = {2021},
	month = {01},
	date = {2021-01},
	journal = {Therapeutic Advances in Psychopharmacology},
	pages = {204512532110320},
	volume = {11},
	doi = {10.1177/20451253211032053},
	url = {http://journals.sagepub.com/doi/10.1177/20451253211032053},
	langid = {en}
}

@article{moncrieff2006,
	title = {Does antipsychotic withdrawal provoke psychosis? Review of the literature on rapid onset psychosis (supersensitivity psychosis) and withdrawal-related relapse},
	author = {Moncrieff, J.},
	year = {2006},
	month = {07},
	date = {2006-07},
	journal = {Acta Psychiatrica Scandinavica},
	pages = {3--13},
	volume = {114},
	number = {1},
	doi = {10.1111/j.1600-0447.2006.00787.x},
	note = {PMID: 16774655},
	langid = {eng}
}

@article{ekblom1984,
	title = {Supersensitivity psychosis in schizophrenic patients after sudden clozapine withdrawal},
	author = {Ekblom, B. and Eriksson, K. and {Lindström}, L. H.},
	year = {1984},
	date = {1984},
	journal = {Psychopharmacology},
	pages = {293--294},
	volume = {83},
	number = {3},
	doi = {10.1007/BF00464798},
	note = {PMID: 6433395},
	langid = {eng}
}

@article{viguera1997,
	title = {Clinical risk following abrupt and gradual withdrawal of maintenance neuroleptic treatment},
	author = {Viguera, A. C. and Baldessarini, R. J. and Hegarty, J. D. and van Kammen, D. P. and Tohen, M.},
	year = {1997},
	month = {01},
	date = {1997-01},
	journal = {Archives of General Psychiatry},
	pages = {49--55},
	volume = {54},
	number = {1},
	doi = {10.1001/archpsyc.1997.01830130055011},
	note = {PMID: 9006400},
	langid = {eng}
}

@article{stevenson2013,
	title = {Serotonin Syndrome Associated With Clozapine Withdrawal},
	author = {Stevenson, Elizabeth and Schembri, Frank and Green, Deborah M. and Burns, Joseph D.},
	year = {2013},
	month = {08},
	date = {2013-08-01},
	journal = {JAMA Neurology},
	pages = {1054},
	volume = {70},
	number = {8},
	doi = {10.1001/jamaneurol.2013.95},
	url = {http://archneur.jamanetwork.com/article.aspx?doi=10.1001/jamaneurol.2013.95},
	langid = {en}
}

@article{gardos1978,
	title = {Withdrawal syndromes associated with antipsychotic drugs},
	author = {Gardos, G. and Cole, J. O. and Tarsy, D.},
	year = {1978},
	month = {11},
	date = {1978-11},
	journal = {The American Journal of Psychiatry},
	pages = {1321--1324},
	volume = {135},
	number = {11},
	doi = {10.1176/ajp.135.11.1321},
	note = {PMID: 30287},
	langid = {eng}
}

@article{ahmed1998,
	title = {Clozapine withdrawal-emergent dystonias and dyskinesias: a case series},
	author = {Ahmed, S. and Chengappa, K. N. and Naidu, V. R. and Baker, R. W. and Parepally, H. and Schooler, N. R.},
	year = {1998},
	month = {09},
	date = {1998-09},
	journal = {The Journal of Clinical Psychiatry},
	pages = {472--477},
	volume = {59},
	number = {9},
	doi = {10.4088/jcp.v59n0906},
	note = {PMID: 9771818},
	langid = {eng}
}

@article{chouinard2008,
	title = {Atypical antipsychotics: CATIE study, drug-induced movement disorder and resulting iatrogenic psychiatric-like symptoms, supersensitivity rebound psychosis and withdrawal discontinuation syndromes},
	author = {Chouinard, Guy and Chouinard, Virginie-Anne},
	year = {2008},
	date = {2008},
	journal = {Psychotherapy and Psychosomatics},
	pages = {69--77},
	volume = {77},
	number = {2},
	doi = {10.1159/000112883},
	note = {PMID: 18230939},
	langid = {eng}
}

@article{masnoon2017,
	title = {What is polypharmacy? A systematic review of definitions},
	author = {Masnoon, Nashwa and Shakib, Sepehr and Kalisch-Ellett, Lisa and Caughey, Gillian E.},
	year = {2017},
	month = {10},
	date = {2017-10-10},
	journal = {BMC geriatrics},
	pages = {230},
	volume = {17},
	number = {1},
	doi = {10.1186/s12877-017-0621-2},
	note = {PMID: 29017448
PMCID: PMC5635569},
	langid = {eng}
}

@article{rittmannsberger2002,
	title = {The use of drug monotherapy in psychiatric inpatient treatment},
	author = {Rittmannsberger, H.},
	year = {2002},
	month = {04},
	date = {2002-04},
	journal = {Progress in Neuro-Psychopharmacology & Biological Psychiatry},
	pages = {547--551},
	volume = {26},
	number = {3},
	doi = {10.1016/s0278-5846(01)00306-2},
	note = {PMID: 11999906},
	langid = {eng}
}

@article{nakagami2021,
	title = {A Call for a Rational Polypharmacy Policy: International Insights From Psychiatrists},
	author = {Nakagami, Yukako and Hayakawa, Kohei and Horinouchi, Toru and Pereira-Sanchez, Victor and Tan, Marcus P. J. and Park, Seon-Cheol and Park, Yong Chon and Moon, Seok Woo and Choi, Tae Young and Avasthi, Ajit and Grover, Sandeep and Kallivayalil, Roy Abraham and Rai, Yugesh and Shalbafan, Mohammadreza and Chongsuksiri, Pavita and Udomratn, Pichet and Kathriarachchi, Samudra T. and Xiang, Yu-Tao and Sim, Kang and Javed, Afzal and Chong, Mian-Yoon and Tan, Chay-Hoon and Lin, Shih-Ku and Inada, Toshiya and Murai, Toshiya and Kanba, Shigenobu and Sartorius, Norman and Shinfuku, Naotaka and Kato, Takahiro A.},
	year = {2021},
	month = {11},
	date = {2021-11},
	journal = {Psychiatry Investigation},
	pages = {1058--1067},
	volume = {18},
	number = {11},
	doi = {10.30773/pi.2021.0169},
	note = {PMID: 34732030
PMCID: PMC8600221},
	langid = {eng}
}

@article{kingsbury2001,
	title = {Psychopharmacology: rational and irrational polypharmacy},
	author = {Kingsbury, S. J. and Yi, D. and Simpson, G. M.},
	year = {2001},
	month = {08},
	date = {2001-08},
	journal = {Psychiatric Services (Washington, D.C.)},
	pages = {1033--1036},
	volume = {52},
	number = {8},
	doi = {10.1176/appi.ps.52.8.1033},
	note = {PMID: 11474046},
	langid = {eng}
}

@article{möller2014,
	title = {History, background, concepts and current use of comedication and polypharmacy in psychiatry},
	author = {{Möller}, H.-J. and {Seemüller}, F. and Schennach-Wolff, R. and {Stübner}, S. and {Rüther}, E. and Grohmann, R.},
	year = {2014},
	month = {07},
	date = {2014-07},
	journal = {The International Journal of Neuropsychopharmacology},
	pages = {983--996},
	volume = {17},
	number = {07},
	doi = {10.1017/S1461145713000837},
	url = {https://academic.oup.com/ijnp/article-lookup/doi/10.1017/S1461145713000837},
	langid = {en}
}

@article{hirano2019,
	title = {Changes in Prescription of Psychotropic Drugs After Introduction of Polypharmacy Reduction Policy in Japan Based on a Large-Scale Claims Database},
	author = {Hirano, Yoko and Ii, Yoichi},
	year = {2019},
	month = {11},
	date = {2019-11},
	journal = {Clinical Drug Investigation},
	pages = {1077--1092},
	volume = {39},
	number = {11},
	doi = {10.1007/s40261-019-00838-w},
	note = {PMID: 31399894},
	langid = {eng}
}

@article{carmonahuerta2019,
	title = {Polypharmacy in a hospitalized psychiatric population: risk estimation and damage quantification},
	author = {Carmona-Huerta, J. and Castiello-de Obeso, S. and {Ramírez-Palomino}, J. and {Duran-Gutiérrez}, R. and Cardona-Muller, D. and Grover-Paez, F. and {Fernández-Dorantes}, P. and {Medina-Dávalos}, R.},
	year = {2019},
	month = {12},
	date = {2019-12},
	journal = {BMC Psychiatry},
	pages = {78},
	volume = {19},
	number = {1},
	doi = {10.1186/s12888-019-2056-0},
	url = {https://bmcpsychiatry.biomedcentral.com/articles/10.1186/s12888-019-2056-0},
	langid = {en}
}

@article{feder1991,
	title = {Reversal of antidepressant activity of fluoxetine by cyproheptadine in three patients},
	author = {Feder, R.},
	year = {1991},
	month = {04},
	date = {1991-04},
	journal = {The Journal of Clinical Psychiatry},
	pages = {163--164},
	volume = {52},
	number = {4},
	note = {PMID: 2016249},
	langid = {eng}
}

@article{weng2019,
	title = {Efficacy of low-dose D2/D3 partial agonist pramipexole on neuroleptic-induced extrapyramidal symptoms and symptoms of schizophrenia: a stage-1 open-label pilot study},
	author = {Weng, Jia Jun and Wang, Li Hua and Zhu, Hao and Xu, Wen Rong and Wei, Yu Mei and Wang, Zhi Yang and Yu, Wen Juan and Li, Hua Fang},
	year = {2019},
	date = {2019},
	journal = {Neuropsychiatric Disease and Treatment},
	pages = {2195--2203},
	volume = {15},
	doi = {10.2147/NDT.S205933},
	note = {PMID: 31496702
PMCID: PMC6689661},
	langid = {eng}
}

@article{americangeriatricssocietybeerscriteriaupdateexpertpanel2019,
	title = {American Geriatrics Society 2019 Updated AGS Beers Criteria® for Potentially Inappropriate Medication Use in Older Adults},
	author = {{American Geriatrics Society Beers Criteria® Update Expert Panel}, },
	year = {2019},
	month = {04},
	date = {2019-04},
	journal = {Journal of the American Geriatrics Society},
	pages = {674--694},
	volume = {67},
	number = {4},
	doi = {10.1111/jgs.15767},
	note = {PMID: 30693946},
	langid = {eng}
}

@article{gallagher2008,
	title = {STOPP (Screening Tool of Older Person's Prescriptions) and START (Screening Tool to Alert doctors to Right Treatment). Consensus validation},
	author = {Gallagher, P. and Ryan, C. and Byrne, S. and Kennedy, J. and {O'Mahony}, D.},
	year = {2008},
	month = {02},
	date = {2008-02},
	journal = {International Journal of Clinical Pharmacology and Therapeutics},
	pages = {72--83},
	volume = {46},
	number = {2},
	doi = {10.5414/cpp46072},
	note = {PMID: 18218287},
	langid = {eng}
}

@article{kukreja2013,
	title = {Polypharmacy in psychiatry: a review},
	author = {Kukreja, Sanjay and Kalra, Gurvinder and Shah, Nilesh and Shrivastava, Amresh},
	year = {2013},
	month = {01},
	date = {2013-01},
	journal = {Mens Sana Monographs},
	pages = {82--99},
	volume = {11},
	number = {1},
	doi = {10.4103/0973-1229.104497},
	note = {PMID: 23678240
PMCID: PMC3653237},
	langid = {eng}
}

@article{roh2014,
	title = {Antipsychotic polypharmacy and high-dose prescription in schizophrenia: a 5-year comparison},
	author = {Roh, Daeyoung and Chang, Jhin-Goo and Kim, Chan-Hyung and Cho, Hyun-Sang and An, Suk Kyoon and Jung, Young-Chul},
	year = {2014},
	month = {01},
	date = {2014-01},
	journal = {The Australian and New Zealand Journal of Psychiatry},
	pages = {52--60},
	volume = {48},
	number = {1},
	doi = {10.1177/0004867413488221},
	note = {PMID: 23671214},
	langid = {eng}
}

@article{kim2021,
	title = {Exploring Hidden Issues in the Use of Antipsychotic Polypharmacy in the Treatment of Schizophrenia},
	author = {Kim, Jung-Jin and Pae, Chi-Un and Han, Changsu and Bahk, Won-Myong and Lee, Soo-Jung and Patkar, Ashwin A. and Masand, Prakash S.},
	year = {2021},
	month = {11},
	date = {2021-11-30},
	journal = {Clinical Psychopharmacology and Neuroscience: The Official Scientific Journal of the Korean College of Neuropsychopharmacology},
	pages = {600--609},
	volume = {19},
	number = {4},
	doi = {10.9758/cpn.2021.19.4.600},
	note = {PMID: 34690115
PMCID: PMC8553537},
	langid = {eng}
}

@article{preskorn2007,
	title = {Polypharmacy: When Is It Rational?},
	author = {Preskorn, Sheldon H. and Lacey, Ronald L.},
	year = {2007},
	month = {03},
	date = {2007-03},
	journal = {Journal of Psychiatric Practice},
	pages = {97--105},
	volume = {13},
	number = {2},
	doi = {10.1097/01.pra.0000265766.25495.3b},
	url = {https://journals.lww.com/00131746-200703000-00006},
	langid = {en}
}


@article{leucht_lithium_2015,
	title = {Lithium for schizophrenia},
	issn = {1469-493X},
	doi = {10.1002/14651858.CD003834.pub3},
	number = {10},
	journal = {The Cochrane Database of Systematic Reviews},
	author = {Leucht, Stefan and Helfer, Bartosz and Dold, Markus and Kissling, Werner and McGrath, John J.},
	month = oct,
	year = {2015},
	pmid = {26509923},
	pmcid = {PMC6984626},
	keywords = {Antipsychotic Agents, Drug Therapy, Combination, Humans, Lithium Compounds, Patient Dropouts, Randomized Controlled Trials as Topic, Schizophrenia},
	pages = {CD003834},
}

@article{cipriani2013,
	title = {Aripiprazole versus haloperidol in combination with clozapine for treatment-resistant schizophrenia: a 12-month, randomized, naturalistic trial},
	author = {Cipriani, Andrea and Accordini, Simone and {Nosè}, Michela and Purgato, Marianna and Girlanda, Francesca and Tansella, Michele and Barbui, Corrado},
	year = {2013},
	month = {08},
	date = {2013-08},
	journal = {Journal of Clinical Psychopharmacology},
	pages = {533--537},
	volume = {33},
	number = {4},
	doi = {10.1097/JCP.0b013e318296884f},
	note = {PMID: 23775051},
	langid = {eng}
}

@article{tiihonen2019,
	title = {Association of Antipsychotic Polypharmacy vs Monotherapy With Psychiatric Rehospitalization Among Adults With Schizophrenia},
	author = {Tiihonen, Jari and Taipale, Heidi and {Mehtälä}, Juha and Vattulainen, Pia and Correll, Christoph U. and Tanskanen, Antti},
	year = {2019},
	month = {05},
	date = {2019-05-01},
	journal = {JAMA Psychiatry},
	pages = {499},
	volume = {76},
	number = {5},
	doi = {10.1001/jamapsychiatry.2018.4320},
	url = {http://archpsyc.jamanetwork.com/article.aspx?doi=10.1001/jamapsychiatry.2018.4320},
	langid = {en}
}

@article{essock2011,
	title = {Effectiveness of switching from antipsychotic polypharmacy to monotherapy},
	author = {Essock, Susan M. and Schooler, Nina R. and Stroup, T. Scott and McEvoy, Joseph P. and Rojas, Ingrid and Jackson, Carlos and Covell, Nancy H. and Schizophrenia Trials Network, },
	year = {2011},
	month = {07},
	date = {2011-07},
	journal = {The American Journal of Psychiatry},
	pages = {702--708},
	volume = {168},
	number = {7},
	doi = {10.1176/appi.ajp.2011.10060908},
	note = {PMID: 21536693
PMCID: PMC3739691},
	langid = {eng}
}

@article{constantine2015,
	title = {The risks and benefits of switching patients with schizophrenia or schizoaffective disorder from two to one antipsychotic medication: a randomized controlled trial},
	author = {Constantine, Robert J. and Andel, Ross and McPherson, Marie and Tandon, Rajiv},
	year = {2015},
	month = {08},
	date = {2015-08},
	journal = {Schizophrenia Research},
	pages = {194--200},
	volume = {166},
	number = {1-3},
	doi = {10.1016/j.schres.2015.05.038},
	note = {PMID: 26141142},
	langid = {eng}
}

@article{freudenreich2002,
	title = {Antipsychotic combination therapy in schizophrenia. A review of efficacy and risks of current combinations},
	author = {Freudenreich, O. and Goff, D. C.},
	year = {2002},
	month = {11},
	date = {2002-11},
	journal = {Acta Psychiatrica Scandinavica},
	pages = {323--330},
	volume = {106},
	number = {5},
	doi = {10.1034/j.1600-0447.2002.01331.x},
	note = {PMID: 12366465},
	langid = {eng}
}

@article{urs2017,
	title = {New Concepts in Dopamine D2 Receptor Biased Signaling and Implications for Schizophrenia Therapy},
	author = {Urs, Nikhil M. and Peterson, Sean M. and Caron, Marc G.},
	year = {2017},
	month = {01},
	date = {2017-01-01},
	journal = {Biological Psychiatry},
	pages = {78--85},
	volume = {81},
	number = {1},
	doi = {10.1016/j.biopsych.2016.10.011},
	note = {PMID: 27832841
PMCID: PMC5702557},
	langid = {eng}
}

@article{tadokoro2012,
	title = {Chronic treatment with aripiprazole prevents development of dopamine supersensitivity and potentially supersensitivity psychosis},
	author = {Tadokoro, Shigenori and Okamura, Naoe and Sekine, Yoshimoto and Kanahara, Nobuhisa and Hashimoto, Kenji and Iyo, Masaomi},
	year = {2012},
	month = {09},
	date = {2012-09},
	journal = {Schizophrenia Bulletin},
	pages = {1012--1020},
	volume = {38},
	number = {5},
	doi = {10.1093/schbul/sbr006},
	note = {PMID: 21402722
PMCID: PMC3446226},
	langid = {eng}
}

@article{byerly1996,
	title = {Pharmacokinetics of clozapine and risperidone: a review of recent literature},
	author = {Byerly, M. J. and DeVane, C. L.},
	year = {1996},
	month = {04},
	date = {1996-04},
	journal = {Journal of Clinical Psychopharmacology},
	pages = {177--187},
	volume = {16},
	number = {2},
	doi = {10.1097/00004714-199604000-00010},
	note = {PMID: 8690833},
	langid = {eng}
}

@article{lu2000,
	title = {Fluvoxamine reduces the clozapine dosage needed in refractory schizophrenic patients},
	author = {Lu, M. L. and Lane, H. Y. and Chen, K. P. and Jann, M. W. and Su, M. H. and Chang, W. H.},
	year = {2000},
	month = {08},
	date = {2000-08},
	journal = {The Journal of Clinical Psychiatry},
	pages = {594--599},
	volume = {61},
	number = {8},
	doi = {10.4088/jcp.v61n0809},
	note = {PMID: 10982203},
	langid = {eng}
}

@article{kirschbaum2008,
	title = {Pharmacodynamic consequences of P-glycoprotein-dependent pharmacokinetics of risperidone and haloperidol in mice},
	author = {Kirschbaum, Katrin M. and Henken, Stefanie and Hiemke, Christoph and Schmitt, Ulrich},
	year = {2008},
	month = {04},
	date = {2008-04-09},
	journal = {Behavioural Brain Research},
	pages = {298--303},
	volume = {188},
	number = {2},
	doi = {10.1016/j.bbr.2007.11.009},
	note = {PMID: 18164477},
	langid = {eng}
}

@article{moons2011,
	title = {Relationship between P-glycoprotein and second-generation antipsychotics},
	author = {Moons, Tim and de Roo, Mariska and Claes, Stephan and Dom, Geert},
	year = {2011},
	month = {08},
	date = {2011-08},
	journal = {Pharmacogenomics},
	pages = {1193--1211},
	volume = {12},
	number = {8},
	doi = {10.2217/pgs.11.55},
	url = {https://www.futuremedicine.com/doi/10.2217/pgs.11.55},
	langid = {en}
}

@article{fleischhacker2014,
	title = {Critical review of antipsychotic polypharmacy in the treatment of schizophrenia},
	author = {Fleischhacker, W. Wolfgang and Uchida, Hiroyuki},
	year = {2014},
	month = {07},
	date = {2014-07},
	journal = {The International Journal of Neuropsychopharmacology},
	pages = {1083--1093},
	volume = {17},
	number = {7},
	doi = {10.1017/S1461145712000399},
	note = {PMID: 22717078},
	langid = {eng}
}

@article{harvey2013,
	title = {Effect of lurasidone on neurocognitive performance in patients with schizophrenia: A short-term placebo- and active-controlled study followed by a 6-month double-blind extension},
	author = {Harvey, Philip D. and Siu, Cynthia O. and Hsu, Jay and Cucchiaro, Josephine and Maruff, Paul and Loebel, Antony},
	year = {2013},
	month = {11},
	date = {2013-11},
	journal = {European Neuropsychopharmacology},
	pages = {1373--1382},
	volume = {23},
	number = {11},
	doi = {10.1016/j.euroneuro.2013.08.003},
	url = {https://linkinghub.elsevier.com/retrieve/pii/S0924977X13002162},
	langid = {en}
}

@article{harvey2015,
	title = {Effect of lurasidone dose on cognition in patients with schizophrenia: Post-hoc analysis of a long-term, double-blind continuation study},
	author = {Harvey, Philip D. and Siu, Cynthia O. and Ogasa, Masaaki and Loebel, Antony},
	year = {2015},
	month = {08},
	date = {2015-08},
	journal = {Schizophrenia Research},
	pages = {334--338},
	volume = {166},
	number = {1-3},
	doi = {10.1016/j.schres.2015.06.008},
	url = {https://linkinghub.elsevier.com/retrieve/pii/S0920996415003230},
	langid = {en}
}

@article{muscatello2014,
	title = {Augmentation of Clozapine With Ziprasidone in Refractory Schizophrenia: A Double-Blind, Placebo-Controlled Study},
	author = {Muscatello, Maria Rosaria A. and Pandolfo, Gianluca and {Micò}, Umberto and Lamberti Castronuovo, Eduardo and Abenavoli, Elisabetta and Scimeca, Giuseppe and Spina, Edoardo and Zoccali, Rocco and Bruno, Antonio},
	year = {2014},
	month = {02},
	date = {2014-02},
	journal = {Journal of Clinical Psychopharmacology},
	pages = {129--133},
	volume = {34},
	number = {1},
	doi = {10.1097/JCP.0000000000000042},
	url = {https://journals.lww.com/00004714-201402000-00021},
	langid = {en}
}

@article{berardis2021,
	title = {Cariprazine Add-on in Inadequate Clozapine Response: A Report on Two Cases},
	author = {Berardis, Domenico De and Rapini, Gabriella and Olivieri, Luigi and Giardini, Agostina and Lauretis, Ida De and Serroni, Nicola and Orsolini, Laura and Fornaro, Michele and Iasevoli, Felice and Trotta, Sabatino and Cottura, Paolo and Vellante, Federica and Alessandrini, Marco and Giannantonio, Massimo Di},
	year = {2021},
	month = {02},
	date = {2021-02-28},
	journal = {Clinical Psychopharmacology and Neuroscience: The Official Scientific Journal of the Korean College of Neuropsychopharmacology},
	pages = {174--178},
	volume = {19},
	number = {1},
	doi = {10.9758/cpn.2021.19.1.174},
	note = {PMID: 33508803
PMCID: PMC7851462},
	langid = {eng}
}

@article{oloyede2022,
	title = {Clozapine augmentation with cariprazine for negative symptoms: a case series and literature review},
	author = {Oloyede, Ebenezer and Clark, Ivana and Mace, Shubhra and Whiskey, Eromona and Taylor, David},
	year = {2022},
	month = {01},
	date = {2022-01},
	journal = {Therapeutic Advances in Psychopharmacology},
	pages = {204512532110666},
	volume = {12},
	doi = {10.1177/20451253211066642},
	url = {http://journals.sagepub.com/doi/10.1177/20451253211066642},
	langid = {en}
}

@article{qiao2016,
	title = {Add-on effects of a low-dose aripiprazole in resolving hyperprolactinemia induced by risperidone or paliperidone},
	author = {Qiao, Ying and Yang, Fuzhong and Li, Chunbo and Guo, Qian and Wen, Hui and Zhu, Suoyu and Ouyang, Qiong and Shen, Weidi and Sheng, Jianhua},
	year = {2016},
	month = {03},
	date = {2016-03-30},
	journal = {Psychiatry Research},
	pages = {83--89},
	volume = {237},
	doi = {10.1016/j.psychres.2015.12.033},
	note = {PMID: 26921057},
	langid = {eng}
}

@article{zheng2019,
	title = {Adjunctive aripiprazole for antipsychotic-related hyperprolactinaemia in patients with first-episode schizophrenia: a meta-analysis},
	author = {Zheng, Wei and Cai, Dong-Bin and Yang, Xin-Hu and Ungvari, Gabor S and Ng, Chee H and Shi, Zhan-Ming and Hu, Mei-Ling and Ning, Yu-Ping and Xiang, Yu-Tao},
	year = {2019},
	month = {10},
	date = {2019-10},
	journal = {General Psychiatry},
	pages = {e100091},
	volume = {32},
	number = {5},
	doi = {10.1136/gpsych-2019-100091},
	url = {http://gpsych.bmj.com/lookup/doi/10.1136/gpsych-2019-100091},
	langid = {en}
}

@article{fleischhacker2010,
	title = {Effects of adjunctive treatment with aripiprazole on body weight and clinical efficacy in schizophrenia patients treated with clozapine: a randomized, double-blind, placebo-controlled trial},
	author = {Fleischhacker, W. Wolfgang and Heikkinen, Martti E. and {Olié}, Jean-Pierre and Landsberg, Wally and Dewaele, Patricia and McQuade, Robert D. and Loze, Jean-Yves and Hennicken, Delphine and Kerselaers, Wendy},
	year = {2010},
	month = {09},
	date = {2010-09},
	journal = {The International Journal of Neuropsychopharmacology},
	pages = {1115--1125},
	volume = {13},
	number = {8},
	doi = {10.1017/S1461145710000490},
	note = {PMID: 20459883},
	langid = {eng}
}

@article{gupta2021,
	title = {Effect of aripiprazole as an adjunct to atypical antipsychotics on weight and metabolic profile: a 12-week open-label trial},
	author = {Gupta, Bhanu and Chee, Kok-Seng and Neo, Li-Qi and Tang, Charmaine and Hariram, Jayaraman and Tan, Geoffrey Chern-Yee and Verma, Swapna and Basu, Sutapa and Appan, Deva-Priya and Ting, Chan-Chun and Abdin, Edimansyah and Lee, Jimmy},
	year = {2021},
	month = {01},
	date = {2021-01},
	journal = {Therapeutic Advances in Psychopharmacology},
	pages = {204512532110467},
	volume = {11},
	doi = {10.1177/20451253211046765},
	url = {http://journals.sagepub.com/doi/10.1177/20451253211046765},
	langid = {en}
}

@article{kane2013,
	title = {Non-adherence to medication in patients with psychotic disorders: epidemiology, contributing factors and management strategies},
	author = {Kane, John M. and Kishimoto, Taishiro and Correll, Christoph U.},
	year = {2013},
	month = {10},
	date = {2013-10},
	journal = {World psychiatry: official journal of the World Psychiatric Association (WPA)},
	pages = {216--226},
	volume = {12},
	number = {3},
	doi = {10.1002/wps.20060},
	note = {PMID: 24096780
PMCID: PMC3799245},
	langid = {eng}
}

@article{hopkins2008,
	title = {Network pharmacology: the next paradigm in drug discovery},
	author = {Hopkins, Andrew L},
	year = {2008},
	month = {11},
	date = {2008-11},
	journal = {Nature Chemical Biology},
	pages = {682--690},
	volume = {4},
	number = {11},
	doi = {10.1038/nchembio.118},
	url = {http://www.nature.com/articles/nchembio.118},
	langid = {en}
}

@article{talevi2015,
	title = {Multi-target pharmacology: possibilities and limitations of the {\textquotedblleft}skeleton key approach{\textquotedblright} from a medicinal chemist perspective},
	author = {Talevi, Alan},
	year = {2015},
	month = {09},
	date = {2015-09-22},
	journal = {Frontiers in Pharmacology},
	volume = {6},
	doi = {10.3389/fphar.2015.00205},
	url = {http://journal.frontiersin.org/Article/10.3389/fphar.2015.00205/abstract}
}

@article{kondej2018,
	title = {Multi-Target Approach for Drug Discovery against Schizophrenia},
	author = {Kondej, Magda and {St{\k{e}}pnicki}, Piotr and Kaczor, Agnieszka A.},
	year = {2018},
	month = {10},
	date = {2018-10-10},
	journal = {International Journal of Molecular Sciences},
	pages = {E3105},
	volume = {19},
	number = {10},
	doi = {10.3390/ijms19103105},
	note = {PMID: 30309037
PMCID: PMC6213273},
	langid = {eng}
}

@article{millan2014,
	title = {On {\textquoteleft}polypharmacy{\textquoteright} and multi-target agents, complementary strategies for improving the treatment of depression: a comparative appraisal},
	author = {Millan, Mark J.},
	year = {2014},
	month = {07},
	date = {2014-07},
	journal = {The International Journal of Neuropsychopharmacology},
	pages = {1009--1037},
	volume = {17},
	number = {07},
	doi = {10.1017/S1461145712001496},
	url = {https://academic.oup.com/ijnp/article-lookup/doi/10.1017/S1461145712001496},
	langid = {en}
}

@article{hjorth2021,
	title = {The More, the Merrier{\ldots}? Antipsychotic Polypharmacy Treatment Strategies in Schizophrenia From a Pharmacology Perspective},
	author = {Hjorth, Stephan},
	year = {2021},
	month = {11},
	date = {2021-11-24},
	journal = {Frontiers in Psychiatry},
	pages = {760181},
	volume = {12},
	doi = {10.3389/fpsyt.2021.760181},
	url = {https://www.frontiersin.org/articles/10.3389/fpsyt.2021.760181/full}
}

@article{lianos2022,
	title = {Repurposing antipsychotic drugs for cancer treatment: current evidence and future perspectives},
	author = {Lianos, Georgios D. and Alexiou, George A. and Rausei, Stefano and Galani, Vasiliki and Mitsis, Michail and Kyritsis, Athanasios P.},
	year = {2022},
	month = {02},
	date = {2022-02-01},
	journal = {Expert Review of Anticancer Therapy},
	pages = {131--134},
	volume = {22},
	number = {2},
	doi = {10.1080/14737140.2022.1987221},
	url = {https://www.tandfonline.com/doi/full/10.1080/14737140.2022.1987221},
	langid = {en}
}
