
@article{king2002,
	title = {What's in a name? The evolution of the nomenclature of antipsychotic drugs},
	author = {King, Caroline and Voruganti, Lakshmi N. P.},
	year = {2002},
	month = {05},
	date = {2002-05},
	journal = {Journal of psychiatry & neuroscience: JPN},
	pages = {168--175},
	volume = {27},
	number = {3},
	note = {PMID: 12066446
PMCID: PMC161646},
	langid = {eng}
}

@article{berger1965,
	title = {Major and Minor Tranquilizers},
	author = {Berger, Frank M.},
	year = {1965},
	month = {11},
	date = {1965-11-08},
	journal = {JAMA: The Journal of the American Medical Association},
	pages = {681},
	volume = {194},
	number = {6},
	doi = {10.1001/jama.1965.03090190103043},
	url = {http://jama.jamanetwork.com/article.aspx?doi=10.1001/jama.1965.03090190103043},
	langid = {en}
}

@article{kline1969,
	title = {Nomenclature vs. nature},
	author = {Kline, N. S.},
	year = {1969},
	month = {05},
	date = {1969-05},
	journal = {International Journal of Psychiatry},
	pages = {292--293},
	volume = {7},
	number = {5},
	note = {PMID: 5803743},
	langid = {eng}
}

@article{lehmann1993,
	title = {Before they called it psychopharmacology},
	author = {Lehmann, H. E.},
	year = {1993},
	month = {06},
	date = {1993-06},
	journal = {Neuropsychopharmacology: Official Publication of the American College of Neuropsychopharmacology},
	pages = {291--303},
	volume = {8},
	number = {4},
	doi = {10.1038/npp.1993.69},
	note = {PMID: 8512619},
	langid = {eng}
}

@article{caraci2017,
	title = {A new nomenclature for classifying psychotropic drugs},
	author = {Caraci, Filippo and Enna, Sam J. and Zohar, Joseph and Racagni, Giorgio and Zalsman, Gil and van den Brink, Wim and Kasper, Siegfried and Koob, George F. and Pariante, Carmine M. and Piazza, Pier Vincenzo and Yamada, Kiyofumi and Spedding, Michael and Drago, Filippo},
	year = {2017},
	month = {08},
	date = {2017-08},
	journal = {British Journal of Clinical Pharmacology},
	pages = {1614--1616},
	volume = {83},
	number = {8},
	doi = {10.1111/bcp.13302},
	note = {PMID: 28401576
PMCID: PMC5510058},
	langid = {eng}
}

@article{ghaemi2017,
	title = {A new drug nomenclature for psychiatry - prospects and hazards},
	author = {Ghaemi, S. N.},
	year = {2017},
	month = {08},
	date = {2017-08},
	journal = {British Journal of Clinical Pharmacology},
	pages = {1617--1618},
	volume = {83},
	number = {8},
	doi = {10.1111/bcp.13308},
	note = {PMID: 28418224
PMCID: PMC5510060},
	langid = {eng}
}

@article{blier2017,
	title = {Progress on the Neuroscience-Based Nomenclature (NbN) for Psychotropic Medications},
	author = {Blier, Pierre and Oquendo, Maria A and Kupfer, David J},
	year = {2017},
	month = {09},
	date = {2017-09},
	journal = {Neuropsychopharmacology},
	pages = {1927--1928},
	volume = {42},
	number = {10},
	doi = {10.1038/npp.2017.33},
	url = {http://www.nature.com/articles/npp201733},
	langid = {en}
}

@article{seifert2018,
	title = {Rethinking Pharmacological Nomenclature},
	author = {Seifert, Roland},
	year = {2018},
	month = {09},
	date = {2018-09},
	journal = {Trends in Pharmacological Sciences},
	pages = {785--797},
	volume = {39},
	number = {9},
	doi = {10.1016/j.tips.2018.06.006},
	note = {PMID: 30025604},
	langid = {eng}
}

@article{seifert2020,
	title = {A simple mechanistic terminology of psychoactive drugs: a proposal},
	author = {Seifert, Roland and Schirmer, Bastian},
	year = {2020},
	month = {08},
	date = {2020-08},
	journal = {Naunyn-Schmiedeberg's Archives of Pharmacology},
	pages = {1331--1339},
	volume = {393},
	number = {8},
	doi = {10.1007/s00210-020-01918-x},
	note = {PMID: 32535698
PMCID: PMC7351828},
	langid = {eng}
}

@article{siafis2018,
	title = {Antipsychotic Drugs: From Receptor-binding Profiles to Metabolic Side Effects},
	author = {Siafis, Spyridon and Tzachanis, Dimitrios and Samara, Myrto and Papazisis, Georgios},
	year = {2018},
	date = {2018},
	journal = {Current Neuropharmacology},
	pages = {1210--1223},
	volume = {16},
	number = {8},
	doi = {10.2174/1570159X15666170630163616},
	note = {PMID: 28676017
PMCID: PMC6187748},
	langid = {eng}
}

@article{mailman2010,
	title = {Third generation antipsychotic drugs: partial agonism or receptor functional selectivity?},
	author = {Mailman, Richard B. and Murthy, Vishakantha},
	year = {2010},
	date = {2010},
	journal = {Current Pharmaceutical Design},
	pages = {488--501},
	volume = {16},
	number = {5},
	doi = {10.2174/138161210790361461},
	note = {PMID: 19909227
PMCID: PMC2958217},
	langid = {eng}
}

@article{orsolini2020,
	title = {Up-to-date expert opinion on the safety of recently developed antipsychotics},
	author = {Orsolini, Laura and De Berardis, Domenico and Volpe, Umberto},
	year = {2020},
	month = {08},
	date = {2020-08},
	journal = {Expert Opinion on Drug Safety},
	pages = {981--998},
	volume = {19},
	number = {8},
	doi = {10.1080/14740338.2020.1795126},
	note = {PMID: 32657173},
	langid = {eng}
}

@article{elkayam1980,
	title = {Cardiovascular effects of phenothiazines},
	author = {Elkayam, Uri and Frishman, William},
	year = {1980},
	month = {09},
	date = {1980-09},
	journal = {American Heart Journal},
	pages = {397--401},
	volume = {100},
	number = {3},
	doi = {10.1016/0002-8703(80)90153-2},
	url = {https://linkinghub.elsevier.com/retrieve/pii/0002870380901532},
	langid = {en}
}

@article{douglas1957,
	title = {Chlorpromazine as a suicidal agent},
	author = {Douglas, A. D. and Bates, T. J.},
	year = {1957},
	month = {06},
	date = {1957-06-29},
	journal = {British Medical Journal},
	pages = {1514},
	volume = {1},
	number = {5034},
	doi = {10.1136/bmj.1.5034.1514},
	note = {PMID: 13436839
PMCID: PMC1973929},
	langid = {eng}
}

@article{dold2015,
	title = {Haloperidol versus first-generation antipsychotics for the treatment of schizophrenia and other psychotic disorders},
	author = {Dold, Markus and Samara, Myrto T. and Li, Chunbo and Tardy, Magdolna and Leucht, Stefan},
	year = {2015},
	month = {01},
	date = {2015-01-16},
	journal = {The Cochrane Database of Systematic Reviews},
	pages = {CD009831},
	volume = {1},
	doi = {10.1002/14651858.CD009831.pub2},
	note = {PMID: 25592299},
	langid = {eng}
}

@article{buckley1995,
	title = {Neuroleptic malignant syndrome.},
	author = {Buckley, P F and Hutchinson, M},
	year = {1995},
	month = {03},
	date = {1995-03-01},
	journal = {Journal of Neurology, Neurosurgery & Psychiatry},
	pages = {271--273},
	volume = {58},
	number = {3},
	doi = {10.1136/jnnp.58.3.271},
	url = {https://jnnp.bmj.com/lookup/doi/10.1136/jnnp.58.3.271},
	langid = {en}
}

@article{mccreadie1977,
	title = {High dosage haloperidol in chronic schizophrenia},
	author = {McCreadie, R. G. and MacDonald, I. M.},
	year = {1977},
	month = {09},
	date = {1977-09},
	journal = {The British Journal of Psychiatry: The Journal of Mental Science},
	pages = {310--316},
	volume = {131},
	doi = {10.1192/bjp.131.3.310},
	note = {PMID: 334315},
	langid = {eng}
}

@article{rothschild1993,
	title = {Efficacy of the combination of fluoxetine and perphenazine in the treatment of psychotic depression},
	author = {Rothschild, A. J. and Samson, J. A. and Bessette, M. P. and Carter-Campbell, J. T.},
	year = {1993},
	month = {09},
	date = {1993-09},
	journal = {The Journal of Clinical Psychiatry},
	pages = {338--342},
	volume = {54},
	number = {9},
	note = {PMID: 8104930},
	langid = {eng}
}

@article{lieberman2005,
	title = {Effectiveness of antipsychotic drugs in patients with chronic schizophrenia},
	author = {Lieberman, Jeffrey A. and Stroup, T. Scott and McEvoy, Joseph P. and Swartz, Marvin S. and Rosenheck, Robert A. and Perkins, Diana O. and Keefe, Richard S. E. and Davis, Sonia M. and Davis, Clarence E. and Lebowitz, Barry D. and Severe, Joanne and Hsiao, John K. and {Clinical Antipsychotic Trials of Intervention Effectiveness (CATIE) Investigators}, },
	year = {2005},
	month = {09},
	date = {2005-09-22},
	journal = {The New England Journal of Medicine},
	pages = {1209--1223},
	volume = {353},
	number = {12},
	doi = {10.1056/NEJMoa051688},
	note = {PMID: 16172203},
	langid = {eng}
}

@article{swartz2008,
	title = {What CATIE found: results from the schizophrenia trial},
	author = {Swartz, Marvin S. and Stroup, T. Scott and McEvoy, Joseph P. and Davis, Sonia M. and Rosenheck, Robert A. and Keefe, Richard S. E. and Hsiao, John K. and Lieberman, Jeffrey A.},
	year = {2008},
	month = {05},
	date = {2008-05},
	journal = {Psychiatric Services (Washington, D.C.)},
	pages = {500--506},
	volume = {59},
	number = {5},
	doi = {10.1176/ps.2008.59.5.500},
	note = {PMID: 18451005
PMCID: PMC5033643},
	langid = {eng}
}

@article{lecrubier2000,
	title = {Is amisulpride an 'atypical' atypical antipsychotic agent?},
	author = {Lecrubier, Y.},
	year = {2000},
	month = {12},
	date = {2000-12},
	journal = {International Clinical Psychopharmacology},
	pages = {S21--26},
	volume = {15 Suppl 4},
	note = {PMID: 11252520},
	langid = {eng}
}

@article{perrault1997,
	title = {Psychopharmacological profile of amisulpride: an antipsychotic drug with presynaptic D2/D3 dopamine receptor antagonist activity and limbic selectivity},
	author = {Perrault, G. and Depoortere, R. and Morel, E. and Sanger, D. J. and Scatton, B.},
	year = {1997},
	month = {01},
	date = {1997-01},
	journal = {The Journal of Pharmacology and Experimental Therapeutics},
	pages = {73--82},
	volume = {280},
	number = {1},
	note = {PMID: 8996184},
	langid = {eng}
}

@article{glazer1999,
	title = {Does loxapine have {"}atypical{"} properties? Clinical evidence},
	author = {Glazer, W. M.},
	year = {1999},
	date = {1999},
	journal = {The Journal of Clinical Psychiatry},
	pages = {42--46},
	volume = {60 Suppl 10},
	note = {PMID: 10340686},
	langid = {eng}
}

@article{ereshefsky1999,
	title = {Pharmacologic and pharmacokinetic considerations in choosing an antipsychotic},
	author = {Ereshefsky, L.},
	year = {1999},
	date = {1999},
	journal = {The Journal of Clinical Psychiatry},
	pages = {20--30},
	volume = {60 Suppl 10},
	note = {PMID: 10340684},
	langid = {eng}
}

@article{keating2013,
	title = {Loxapine inhalation powder: a review of its use in the acute treatment of agitation in patients with bipolar disorder or schizophrenia},
	author = {Keating, Gillian M.},
	year = {2013},
	month = {06},
	date = {2013-06},
	journal = {CNS drugs},
	pages = {479--489},
	volume = {27},
	number = {6},
	doi = {10.1007/s40263-013-0075-9},
	note = {PMID: 23740380},
	langid = {eng}
}

@article{allison1999,
	title = {Antipsychotic-induced weight gain: a comprehensive research synthesis},
	author = {Allison, D. B. and Mentore, J. L. and Heo, M. and Chandler, L. P. and Cappelleri, J. C. and Infante, M. C. and Weiden, P. J.},
	year = {1999},
	month = {11},
	date = {1999-11},
	journal = {The American Journal of Psychiatry},
	pages = {1686--1696},
	volume = {156},
	number = {11},
	doi = {10.1176/ajp.156.11.1686},
	note = {PMID: 10553730},
	langid = {eng}
}

@article{harvey2009,
	title = {Morgellons disease, illuminating an undefined illness: a case series},
	author = {Harvey, William T. and Bransfield, Robert C. and Mercer, Dana E. and Wright, Andrew J. and Ricchi, Rebecca M. and Leitao, Mary M.},
	year = {2009},
	month = {07},
	date = {2009-07-01},
	journal = {Journal of Medical Case Reports},
	pages = {8243},
	volume = {3},
	doi = {10.4076/1752-1947-3-8243},
	note = {PMID: 19830222
PMCID: PMC2737752},
	langid = {eng}
}

@article{lorenzo2004,
	title = {Pimozide in dermatologic practice: a comprehensive review},
	author = {Lorenzo, Cynthia R. and Koo, John},
	year = {2004},
	date = {2004},
	journal = {American Journal of Clinical Dermatology},
	pages = {339--349},
	volume = {5},
	number = {5},
	doi = {10.2165/00128071-200405050-00007},
	note = {PMID: 15554735},
	langid = {eng}
}

@article{koo1996,
	title = {Delusions of parasitosis and other forms of monosymptomatic hypochondriacal psychosis. General discussion and case illustrations},
	author = {Koo, J. and Gambla, C.},
	year = {1996},
	month = {07},
	date = {1996-07},
	journal = {Dermatologic Clinics},
	pages = {429--438},
	volume = {14},
	number = {3},
	doi = {10.1016/s0733-8635(05)70370-3},
	note = {PMID: 8818552},
	langid = {eng}
}

@article{dakir2018,
	title = {The anti-psychotic drug pimozide is a novel chemotherapeutic for breast cancer},
	author = {Dakir, El-Habib and Pickard, Adam and Srivastava, Kirtiman and McCrudden, Cian M. and Gross, Stephane R. and Lloyd, Stephen and Zhang, Shu-Dong and Margariti, Andriana and Morgan, Richard and Rudland, Philip S. and El-Tanani, Mohamed},
	year = {2018},
	month = {10},
	date = {2018-10-09},
	journal = {Oncotarget},
	pages = {34889--34910},
	volume = {9},
	number = {79},
	doi = {10.18632/oncotarget.26175},
	note = {PMID: 30405882
PMCID: PMC6201850},
	langid = {eng}
}

@article{davidorf1973,
	title = {Thioridazine pigmentary retinopathy},
	author = {Davidorf, F. H.},
	year = {1973},
	month = {09},
	date = {1973-09},
	journal = {Archives of Ophthalmology (Chicago, Ill.: 1960)},
	pages = {251--255},
	volume = {90},
	number = {3},
	doi = {10.1001/archopht.1973.01000050253014},
	note = {PMID: 4729780},
	langid = {eng}
}

