
@article{davis2004,
	title = {Dose response and dose equivalence of antipsychotics},
	author = {Davis, John M. and Chen, Nancy},
	year = {2004},
	month = {04},
	date = {2004-04},
	journal = {Journal of Clinical Psychopharmacology},
	pages = {192--208},
	volume = {24},
	number = {2},
	doi = {10.1097/01.jcp.0000117422.05703.ae},
	note = {PMID: 15206667},
	langid = {eng}
}

@article{schmidt1988,
	title = {Dose-finding studies in clinical drug development},
	author = {Schmidt, R.},
	year = {1988},
	date = {1988},
	journal = {European Journal of Clinical Pharmacology},
	pages = {15--19},
	volume = {34},
	number = {1},
	doi = {10.1007/BF01061410},
	note = {PMID: 3360047},
	langid = {eng}
}

@article{gardner2010,
	title = {International consensus study of antipsychotic dosing},
	author = {Gardner, David M. and Murphy, Andrea L. and {O'Donnell}, Heather and Centorrino, Franca and Baldessarini, Ross J.},
	year = {2010},
	month = {06},
	date = {2010-06},
	journal = {The American Journal of Psychiatry},
	pages = {686--693},
	volume = {167},
	number = {6},
	doi = {10.1176/appi.ajp.2009.09060802},
	note = {PMID: 20360319},
	langid = {eng}
}

@article{remington2010,
	title = {Antipsychotic dosing: still a work in progress},
	author = {Remington, Gary},
	year = {2010},
	month = {06},
	date = {2010-06},
	journal = {The American Journal of Psychiatry},
	pages = {623--625},
	volume = {167},
	number = {6},
	doi = {10.1176/appi.ajp.2010.10030302},
	note = {PMID: 20516160},
	langid = {eng}
}

@article{marder1994,
	title = {Risperidone in the treatment of schizophrenia},
	author = {Marder, S. R. and Meibach, R. C.},
	year = {1994},
	month = {06},
	date = {1994-06},
	journal = {The American Journal of Psychiatry},
	pages = {825--835},
	volume = {151},
	number = {6},
	doi = {10.1176/ajp.151.6.825},
	note = {PMID: 7514366},
	langid = {eng}
}

@article{small1997,
	title = {Quetiapine in patients with schizophrenia. A high- and low-dose double-blind comparison with placebo. Seroquel Study Group},
	author = {Small, J. G. and Hirsch, S. R. and Arvanitis, L. A. and Miller, B. G. and Link, C. G.},
	year = {1997},
	month = {06},
	date = {1997-06},
	journal = {Archives of General Psychiatry},
	pages = {549--557},
	volume = {54},
	number = {6},
	doi = {10.1001/archpsyc.1997.01830180067009},
	note = {PMID: 9193196},
	langid = {eng}
}

@article{keck1998,
	title = {Ziprasidone 40 and 120 mg/day in the acute exacerbation of schizophrenia and schizoaffective disorder: a 4-week placebo-controlled trial},
	author = {Keck, P. and Buffenstein, A. and Ferguson, J. and Feighner, J. and Jaffe, W. and Harrigan, E. P. and Morrissey, M. R.},
	year = {1998},
	month = {11},
	date = {1998-11},
	journal = {Psychopharmacology},
	pages = {173--184},
	volume = {140},
	number = {2},
	doi = {10.1007/s002130050755},
	note = {PMID: 9860108},
	langid = {eng}
}

@article{lipkovich2005,
	title = {Flexible-dose clinical trials: predictors and outcomes of antipsychotic dose adjustments},
	author = {Lipkovich, Ilya and Baron, David and Houston, John and Ahl, Jonna and Rotelli, Matthew},
	year = {2005},
	month = {08},
	date = {2005-08},
	journal = {Journal of Clinical Psychopharmacology},
	pages = {381--386},
	volume = {25},
	number = {4},
	doi = {10.1097/01.jcp.0000167791.70664.d4},
	note = {PMID: 16012284},
	langid = {eng}
}

@article{lipkovich2008,
	title = {Evaluating dose response from flexible dose clinical trials},
	author = {Lipkovich, Ilya and Adams, David H. and Mallinckrodt, Craig and Faries, Doug and Baron, David and Houston, John P.},
	year = {2008},
	month = {01},
	date = {2008-01-07},
	journal = {BMC psychiatry},
	pages = {3},
	volume = {8},
	doi = {10.1186/1471-244X-8-3},
	note = {PMID: 18179713
PMCID: PMC2254403},
	langid = {eng}
}

@article{love1999,
	title = {A dose-outcome analysis of risperidone},
	author = {Love, R. C. and Conley, R. R. and Kelly, D. L. and Bartko, J. J.},
	year = {1999},
	month = {11},
	date = {1999-11},
	journal = {The Journal of Clinical Psychiatry},
	pages = {771--775},
	volume = {60},
	number = {11},
	doi = {10.4088/jcp.v60n1110},
	note = {PMID: 10584767},
	langid = {eng}
}

@article{citrome2009,
	title = {Olanzapine dosing above the licensed range is more efficacious than lower doses: fact or fiction?},
	author = {Citrome, Leslie and Kantrowitz, Joshua T},
	year = {2009},
	month = {07},
	date = {2009-07},
	journal = {Expert Review of Neurotherapeutics},
	pages = {1045{\textendash}1058},
	volume = {9},
	number = {7},
	doi = {10.1586/ern.09.54},
	url = {http://dx.doi.org/10.1586/ern.09.54}
}

@article{pollak2018,
	title = {The blood{\textendash}brain barrier in psychosis},
	author = {Pollak, Thomas A and Drndarski, Svetlana and Stone, James M and David, Anthony S and McGuire, Philip and Abbott, N Joan},
	year = {2018},
	month = {01},
	date = {2018-01},
	journal = {The Lancet Psychiatry},
	pages = {79--92},
	volume = {5},
	number = {1},
	doi = {10.1016/S2215-0366(17)30293-6},
	url = {https://linkinghub.elsevier.com/retrieve/pii/S2215036617302936},
	langid = {en}
}

@article{farde1992,
	title = {Positron emission tomographic analysis of central D1 and D2 dopamine receptor occupancy in patients treated with classical neuroleptics and clozapine. Relation to extrapyramidal side effects},
	author = {Farde, L. and {Nordström}, A. L. and Wiesel, F. A. and Pauli, S. and Halldin, C. and Sedvall, G.},
	year = {1992},
	month = {07},
	date = {1992-07},
	journal = {Archives of General Psychiatry},
	pages = {538--544},
	volume = {49},
	number = {7},
	doi = {10.1001/archpsyc.1992.01820070032005},
	note = {PMID: 1352677},
	langid = {eng}
}

@article{schoretsanitis2020,
	title = {Blood Levels to Optimize Antipsychotic Treatment in Clinical Practice: A Joint Consensus Statement of the American Society of Clinical Psychopharmacology and the Therapeutic Drug Monitoring Task Force of the Arbeitsgemeinschaft für Neuropsychopharmakologie und Pharmakopsychiatrie},
	author = {Schoretsanitis, Georgios and Kane, John M. and Correll, Christoph U. and Marder, Stephen R. and Citrome, Leslie and Newcomer, John W. and Robinson, Delbert G. and Goff, Donald C. and Kelly, Deanna L. and Freudenreich, Oliver and Piacentino, Daria and Paulzen, Michael and Conca, Andreas and Zernig, Gerald and Haen, Ekkehard and Baumann, Pierre and Hiemke, Christoph and {Gründer}, Gerhard and {for the American Society of Clinical Psychopharmacology and the Therapeutic Drug Monitoring Task Force of the Arbeitsgemeinschaft für Neuropsychopharmakologie und Pharmakopsychiatrie}, },
	year = {2020},
	month = {05},
	date = {2020-05-19},
	journal = {The Journal of Clinical Psychiatry},
	volume = {81},
	number = {3},
	doi = {10.4088/JCP.19cs13169},
	url = {https://www.psychiatrist.com/JCP/article/Pages/2020/v81/19cs13169.aspx}
}

@article{vanderzwaag1996,
	title = {Response of patients with treatment-refractory schizophrenia to clozapine within three serum level ranges},
	author = {VanderZwaag, C. and McGee, M. and McEvoy, J. P. and Freudenreich, O. and Wilson, W. H. and Cooper, T. B.},
	year = {1996},
	month = {12},
	date = {1996-12},
	journal = {The American Journal of Psychiatry},
	pages = {1579--1584},
	volume = {153},
	number = {12},
	doi = {10.1176/ajp.153.12.1579},
	note = {PMID: 8942454},
	langid = {eng}
}

@article{davis1974,
	title = {Dose equivalence of the antipsychotic drugs},
	author = {Davis, J. M.},
	year = {1974},
	date = {1974},
	journal = {Journal of Psychiatric Research},
	pages = {65--69},
	volume = {11},
	doi = {10.1016/0022-3956(74)90071-5},
	note = {PMID: 4156792},
	langid = {eng}
}

@article{patel2013,
	title = {How to compare doses of different antipsychotics: a systematic review of methods},
	author = {Patel, Maxine X. and Arista, Ioli A. and Taylor, Mark and Barnes, Thomas R. E.},
	year = {2013},
	month = {09},
	date = {2013-09},
	journal = {Schizophrenia Research},
	pages = {141--148},
	volume = {149},
	number = {1-3},
	doi = {10.1016/j.schres.2013.06.030},
	note = {PMID: 23845387},
	langid = {eng}
}

@article{leucht2015,
	title = {Dose Equivalents for Second-Generation Antipsychotic Drugs: The Classical Mean Dose Method},
	author = {Leucht, Stefan and Samara, Myrto and Heres, Stephan and Patel, Maxine X. and Furukawa, Toshi and Cipriani, Andrea and Geddes, John and Davis, John M.},
	year = {2015},
	month = {11},
	date = {2015-11},
	journal = {Schizophrenia Bulletin},
	pages = {1397--1402},
	volume = {41},
	number = {6},
	doi = {10.1093/schbul/sbv037},
	note = {PMID: 25841041
PMCID: PMC4601707},
	langid = {eng}
}

@article{leucht2016,
	title = {Dose Equivalents for Antipsychotic Drugs: The DDD Method},
	author = {Leucht, Stefan and Samara, Myrto and Heres, Stephan and Davis, John M.},
	year = {2016},
	month = {07},
	date = {2016-07},
	journal = {Schizophrenia Bulletin},
	pages = {S90--94},
	volume = {42 Suppl 1},
	doi = {10.1093/schbul/sbv167},
	note = {PMID: 27460622
PMCID: PMC4960429},
	langid = {eng}
}

@article{leucht2020,
	title = {Dose-Response Meta-Analysis of Antipsychotic Drugs for Acute Schizophrenia},
	author = {Leucht, Stefan and Crippa, Alessio and Siafis, Spyridon and Patel, Maxine X. and Orsini, Nicola and Davis, John M.},
	year = {2020},
	month = {04},
	date = {2020-04-01},
	journal = {The American Journal of Psychiatry},
	pages = {342--353},
	volume = {177},
	number = {4},
	doi = {10.1176/appi.ajp.2019.19010034},
	note = {PMID: 31838873},
	langid = {eng}
}

@article{bigos2008,
	title = {Sex, race, and smoking impact olanzapine exposure},
	author = {Bigos, Kristin L. and Pollock, Bruce G. and Coley, Kim C. and Miller, Del D. and Marder, Stephen R. and Aravagiri, Manickam and Kirshner, Margaret A. and Schneider, Lon S. and Bies, Robert R.},
	year = {2008},
	month = {02},
	date = {2008-02},
	journal = {Journal of Clinical Pharmacology},
	pages = {157--165},
	volume = {48},
	number = {2},
	doi = {10.1177/0091270007310385},
	note = {PMID: 18199892},
	langid = {eng}
}

@article{hoekstra2021,
	title = {Sex differences in antipsychotic efficacy and side effects in schizophrenia spectrum disorder: results from the BeSt InTro study},
	author = {Hoekstra, Sanne and Bartz-Johannessen, Christoffer and Sinkeviciute, Igne and Reitan, Solveig K. and Kroken, Rune A. and {Løberg}, Else-Marie and Larsen, Tor K. and Rettenbacher, Maria and Johnsen, Erik and Sommer, Iris E.},
	year = {2021},
	month = {08},
	date = {2021-08-18},
	journal = {npj Schizophrenia},
	volume = {7},
	number = {1},
	doi = {10.1038/s41537-021-00170-3},
	url = {http://dx.doi.org/10.1038/s41537-021-00170-3},
	langid = {en}
}

@article{smith2010,
	title = {Gender differences in antipsychotic prescribing},
	author = {Smith, Shubulade},
	year = {2010},
	date = {2010},
	journal = {International Review of Psychiatry (Abingdon, England)},
	pages = {472--484},
	volume = {22},
	number = {5},
	doi = {10.3109/09540261.2010.515965},
	note = {PMID: 21047160},
	langid = {eng}
}

@article{eugene2017,
	title = {A pharmacodynamic modelling and simulation study identifying gender differences of daily olanzapine dose and dopamine D2-receptor occupancy},
	author = {Eugene, Andy R. and Masiak, Jolanta},
	year = {2017},
	month = {08},
	date = {2017-08},
	journal = {Nordic Journal of Psychiatry},
	pages = {417--424},
	volume = {71},
	number = {6},
	doi = {10.1080/08039488.2017.1314011},
	note = {PMID: 28486094
PMCID: PMC5557349},
	langid = {eng}
}

@article{czoty2009,
	title = {Effect of menstrual cycle phase on dopamine D2 receptor availability in female cynomolgus monkeys},
	author = {Czoty, Paul W. and Riddick, Natallia V. and Gage, H. Donald and Sandridge, Mikki and Nader, Susan H. and Garg, Sudha and Bounds, Michael and Garg, Pradeep K. and Nader, Michael A.},
	year = {2009},
	month = {02},
	date = {2009-02},
	journal = {Neuropsychopharmacology: Official Publication of the American College of Neuropsychopharmacology},
	pages = {548--554},
	volume = {34},
	number = {3},
	doi = {10.1038/npp.2008.3},
	note = {PMID: 18256593},
	langid = {eng}
}

@article{usall2007,
	title = {Gender differences in response to antipsychotic treatment in outpatients with schizophrenia},
	author = {Usall, Judith and Suarez, David and Haro, Josep Maria},
	year = {2007},
	month = {12},
	date = {2007-12},
	journal = {Psychiatry Research},
	pages = {225--231},
	volume = {153},
	number = {3},
	doi = {10.1016/j.psychres.2006.09.016},
	url = {https://linkinghub.elsevier.com/retrieve/pii/S0165178106002873},
	langid = {en}
}

@article{seeman2004,
	title = {Gender differences in the prescribing of antipsychotic drugs},
	author = {Seeman, Mary V.},
	year = {2004},
	month = {08},
	date = {2004-08},
	journal = {The American Journal of Psychiatry},
	pages = {1324--1333},
	volume = {161},
	number = {8},
	doi = {10.1176/appi.ajp.161.8.1324},
	note = {PMID: 15285956},
	langid = {eng}
}

@article{koopmans2021,
	title = {Meta-analysis of probability estimates of worldwide variation of CYP2D6 and CYP2C19},
	author = {Koopmans, Anne B. and Braakman, Mario H. and Vinkers, David J. and Hoek, Hans W. and van Harten, Peter N.},
	year = {2021},
	month = {06},
	date = {2021-06},
	journal = {Translational Psychiatry},
	pages = {141},
	volume = {11},
	number = {1},
	doi = {10.1038/s41398-020-01129-1},
	url = {http://www.nature.com/articles/s41398-020-01129-1},
	langid = {en}
}

@article{frackiewicz1997,
	title = {Ethnicity and Antipsychotic Response},
	author = {Frackiewicz, Edyta J and Sramek, John J and Herrera, John M and Kurtz, Neil M and Cutler, Neal R},
	year = {1997},
	month = {11},
	date = {1997-11},
	journal = {Annals of Pharmacotherapy},
	pages = {1360--1369},
	volume = {31},
	number = {11},
	doi = {10.1177/106002809703101114},
	url = {http://journals.sagepub.com/doi/10.1177/106002809703101114},
	langid = {en}
}

@article{kitada2003,
	title = {Genetic polymorphism of cytochrome P450 enzymes in Asian populations: focus on CYP2D6},
	author = {Kitada, M.},
	year = {2003},
	date = {2003},
	journal = {International Journal of Clinical Pharmacology Research},
	pages = {31--35},
	volume = {23},
	number = {1},
	note = {PMID: 14621071},
	langid = {eng}
}

@article{ruan2019,
	title = {Clozapine Metabolism in East Asians and Caucasians: A Pilot Exploration of the Prevalence of Poor Metabolizers and a Systematic Review},
	author = {Ruan, Can-Jun and Zang, Yan-Nan and Wang, Chuan-Yue and Cheng, Yu-Hang and Sun, Chuan and Spina, Edoardo and de Leon, Jose},
	year = {2019},
	month = {04},
	date = {2019-04},
	journal = {Journal of Clinical Psychopharmacology},
	pages = {135--144},
	volume = {39},
	number = {2},
	doi = {10.1097/JCP.0000000000001018},
	note = {PMID: 30811372},
	langid = {eng}
}

@article{deleon2020,
	title = {Do Asian Patients Require Only Half of the Clozapine Dose Prescribed for Caucasians? A Critical Overview},
	author = {de Leon, Jose and Rajkumar, Anto P. and Kaithi, Arun R. and Schoretsanitis, Georgios and Kane, John M. and Wang, Chuan-Yue and Tang, Yi-Lang and Lin, Shih-Ku and Hong, Kyung Sue and Farooq, Saeed and Ng, Chee H. and Ruan, Can-Jun and Andrade, Chittaranjan},
	year = {2020},
	month = {02},
	date = {2020-02},
	journal = {Indian Journal of Psychological Medicine},
	pages = {4--10},
	volume = {42},
	number = {1},
	doi = {10.4103/IJPSYM.IJPSYM_379_19},
	note = {PMID: 31997860
PMCID: PMC6970303},
	langid = {eng}
}

@article{deleon2022,
	title = {An International Adult Guideline for Making Clozapine Titration Safer by Using Six Ancestry-Based Personalized Dosing Titrations, CRP, and Clozapine Levels},
	author = {de Leon, Jose and Schoretsanitis, Georgios and Smith, Robert L. and Molden, Espen and Solismaa, Anssi and {Seppälä}, Niko and {Kope{\v{c}}ek}, Miloslav and {{\v{S}}vancer}, Patrik and Olmos, Ismael and Ricciardi, Carina and Iglesias-Garcia, Celso and Iglesias-Alonso, Ana and Spina, Edoardo and Ruan, Can-Jun and Wang, Chuan-Yue and Wang, Gang and Tang, Yi-Lang and Lin, Shih-Ku and Lane, Hsien-Yuan and Kim, Yong Sik and Kim, Se Hyun and Rajkumar, Anto P. and {González-Esquivel}, Dinora F. and Jung-Cook, Helgi and Baptista, Trino and Rohde, Christopher and Nielsen, Jimmi and Verdoux, {Hélène} and Quiles, Clelia and Sanz, Emilio J. and De Las Cuevas, Carlos and Cohen, Dan and Schulte, Peter F. J. and {Ertu{\u{g}}rul}, {Aygün} and {An{\i}l Ya{\u{g}}c{\i}o{\u{g}}lu}, A. Elif and Chopra, Nitin and McCollum, Betsy and Shelton, Charles and Cotes, Robert O. and Kaithi, Arun R. and Kane, John M. and Farooq, Saeed and Ng, Chee H. and Bilbily, John and Hiemke, Christoph and {López-Jaramillo}, Carlos and McGrane, Ian and Lana, Fernando and Eap, Chin B. and Arrojo-Romero, Manuel and {R{\u{a}}dulescu}, {Flavian {\c{S}}} and Seifritz, Erich and Every-Palmer, Susanna and Bousman, Chad A. and Bebawi, Emmanuel and Bhattacharya, Rahul and Kelly, Deanna L. and Otsuka, Yuji and Lazary, Judit and Torres, Rafael and Yecora, Agustin and Motuca, Mariano and Chan, Sherry K. W. and Zolezzi, Monica and Ouanes, Sami and De Berardis, Domenico and Grover, Sandeep and Procyshyn, Ric M. and Adebayo, Richard A. and Kirilochev, Oleg O. and Soloviev, Andrey and Fountoulakis, Konstantinos N. and Wilkowska, Alina and {Cuba{\l}a}, {Wies{\l}aw J.} and Ayub, Muhammad and Silva, Alzira and Bonelli, Raphael M. and {Villagrán-Moreno}, {José M.} and Crespo-Facorro, Benedicto and Temmingh, Henk and Decloedt, Eric and Pedro, Maria R. and Takeuchi, Hiroyoshi and Tsukahara, Masaru and {Gründer}, Gerhard and Sagud, Marina and Celofiga, Andreja and Ignjatovic Ristic, Dragana and Ortiz, Bruno B. and Elkis, Helio and Pacheco Palha, {António J.} and LLerena, {Adrián} and Fernandez-Egea, Emilio and Siskind, Dan and Weizman, Abraham and Masmoudi, Rim and Mohd Saffian, Shamin and Leung, Jonathan G. and Buckley, Peter F. and Marder, Stephen R. and Citrome, Leslie and Freudenreich, Oliver and Correll, Christoph U. and {Müller}, Daniel J.},
	year = {2022},
	month = {03},
	date = {2022-03},
	journal = {Pharmacopsychiatry},
	pages = {73--86},
	volume = {55},
	number = {2},
	doi = {10.1055/a-1625-6388},
	note = {PMID: 34911124},
	langid = {eng}
}

@article{bjørndal1980,
	title = {High dosage haloperidol therapy in chronic schizophrenic patients: a double-blind study of clinical response, side effects, serum haloperidol, and serum prolactin},
	author = {{Bjørndal}, N. and Bjerre, M. and Gerlach, J. and Kristjansen, P. and Magelund, G. and Oestrich, I. H. and Waehrens, J.},
	year = {1980},
	month = {01},
	date = {1980-01},
	journal = {Psychopharmacology},
	pages = {17--23},
	volume = {67},
	number = {1},
	doi = {10.1007/BF00427590},
	note = {PMID: 6768075},
	langid = {eng}
}

@article{mccreadie1977,
	title = {High dosage haloperidol in chronic schizophrenia},
	author = {McCreadie, R. G. and MacDonald, I. M.},
	year = {1977},
	month = {09},
	date = {1977-09},
	journal = {The British Journal of Psychiatry: The Journal of Mental Science},
	pages = {310--316},
	volume = {131},
	doi = {10.1192/bjp.131.3.310},
	note = {PMID: 334315},
	langid = {eng}
}

@article{bollini1994,
	title = {Antipsychotic drugs: is more worse? A meta-analysis of the published randomized control trials},
	author = {Bollini, P. and Pampallona, S. and Orza, M. J. and Adams, M. E. and Chalmers, T. C.},
	year = {1994},
	month = {05},
	date = {1994-05},
	journal = {Psychological Medicine},
	pages = {307--316},
	volume = {24},
	number = {2},
	doi = {10.1017/s003329170002729x},
	note = {PMID: 7916157},
	langid = {eng}
}

@article{uchida2011,
	title = {Low dose vs standard dose of antipsychotics for relapse prevention in schizophrenia: meta-analysis},
	author = {Uchida, Hiroyuki and Suzuki, Takefumi and Takeuchi, Hiroyoshi and Arenovich, Tamara and Mamo, David C.},
	year = {2011},
	month = {07},
	date = {2011-07},
	journal = {Schizophrenia Bulletin},
	pages = {788--799},
	volume = {37},
	number = {4},
	doi = {10.1093/schbul/sbp149},
	note = {PMID: 19946012
PMCID: PMC3122280},
	langid = {eng}
}

@article{leucht2021,
	title = {Examination of Dosing of Antipsychotic Drugs for Relapse Prevention in Patients With Stable Schizophrenia: A Meta-analysis},
	author = {Leucht, Stefan and Bauer, Sofia and Siafis, Spyridon and Hamza, Tasnim and Wu, Hui and Schneider-Thoma, Johannes and Salanti, Georgia and Davis, John M.},
	year = {2021},
	month = {11},
	date = {2021-11-01},
	journal = {JAMA Psychiatry},
	pages = {1238},
	volume = {78},
	number = {11},
	doi = {10.1001/jamapsychiatry.2021.2130},
	url = {https://jamanetwork.com/journals/jamapsychiatry/fullarticle/2783296},
	langid = {en}
}

@article{mcgorry2011,
	title = {Very Low-Dose Risperidone in First-Episode Psychosis: A Safe and Effective Way to Initiate Treatment},
	author = {McGorry, Patrick D. and Cocks, John and Power, Paddy and Burnett, Peter and Harrigan, Susy and Lambert, Tim},
	year = {2011},
	date = {2011},
	journal = {Schizophrenia Research and Treatment},
	pages = {1--10},
	volume = {2011},
	doi = {10.1155/2011/631690},
	url = {http://www.hindawi.com/journals/schizort/2011/631690/},
	langid = {en}
}

@article{liu2021,
	title = {Challenging the Minimum Effective Antipsychotic Dose During Maintenance: Implications From 10-Year Follow-Up of First Episode Psychosis},
	author = {Liu, Chen-Chung and Liu, Chih-Min and Chien, Yi-Ling and Lin, Yi-Ting and Hsieh, Ming H. and Hwang, Tzung-Jeng and Hwu, Hai-Gwo},
	year = {2021},
	month = {09},
	date = {2021-09-07},
	journal = {Frontiers in Psychiatry},
	pages = {714878},
	volume = {12},
	doi = {10.3389/fpsyt.2021.714878},
	url = {https://www.frontiersin.org/articles/10.3389/fpsyt.2021.714878/full}
}

@article{takeuchi2020,
	title = {Antipsychotic Dose in Acute Schizophrenia: A Meta-analysis},
	author = {Takeuchi, Hiroyoshi and MacKenzie, Nicole E. and Samaroo, Dominic and Agid, Ofer and Remington, Gary and Leucht, Stefan},
	year = {2020},
	month = {12},
	date = {2020-12-01},
	journal = {Schizophrenia Bulletin},
	pages = {1439--1458},
	volume = {46},
	number = {6},
	doi = {10.1093/schbul/sbaa063},
	note = {PMID: 32415847
PMCID: PMC7707077},
	langid = {eng}
}

@article{citrome2005,
	title = {Dosing of Second-Generation Antipsychotic Medication in a State Hospital System},
	author = {Citrome, Leslie and Jaffe, Ari and Levine, Jerome},
	year = {2005},
	month = {08},
	date = {2005-08},
	journal = {Journal of Clinical Psychopharmacology},
	pages = {388--391},
	volume = {25},
	number = {4},
	doi = {10.1097/01.jcp.0000169623.30196.b9},
	url = {https://journals.lww.com/00004714-200508000-00018},
	langid = {en}
}

@article{mandarelli2022,
	title = {Antipsychotic Polypharmacy and High-Dose Antipsychotic Regimens in the Residential Italian Forensic Psychiatric Population (REMS)},
	author = {Mandarelli, Gabriele and Carabellese, Felice and Di Sciascio, Guido and Catanesi, Roberto},
	year = {2022},
	month = {02},
	date = {2022-02-10},
	journal = {Frontiers in Psychology},
	pages = {722985},
	volume = {13},
	doi = {10.3389/fpsyg.2022.722985},
	url = {https://www.frontiersin.org/articles/10.3389/fpsyg.2022.722985/full}
}

@article{malandain2021,
	title = {Antipsychotic drug dose in real-life settings results from a Nationwide Cohort Study},
	author = {Malandain, L. and Leygues, M. and Thibaut, F.},
	year = {2021},
	month = {08},
	date = {2021-08-22},
	journal = {European Archives of Psychiatry and Clinical Neuroscience},
	doi = {10.1007/s00406-021-01322-3},
	note = {PMID: 34420073},
	langid = {eng}
}

@article{gamón2021,
	title = {Treatment patterns and appropriateness of antipsychotic prescriptions in patients with schizophrenia},
	author = {{Gamón}, {Verónica} and Hurtado, Isabel and Salazar-Fraile, {José} and {Sanfélix-Gimeno}, Gabriel},
	year = {2021},
	month = {12},
	date = {2021-12},
	journal = {Scientific Reports},
	pages = {13509},
	volume = {11},
	number = {1},
	doi = {10.1038/s41598-021-92731-w},
	url = {http://www.nature.com/articles/s41598-021-92731-w},
	langid = {en}
}

@article{yoshida2021,
	title = {Dose-dependent effects of antipsychotics on efficacy and adverse effects in schizophrenia},
	author = {Yoshida, Kazunari and Takeuchi, Hiroyoshi},
	year = {2021},
	month = {03},
	date = {2021-03-26},
	journal = {Behavioural Brain Research},
	pages = {113098},
	volume = {402},
	doi = {10.1016/j.bbr.2020.113098},
	note = {PMID: 33417992},
	langid = {eng}
}

@article{iwamoto2012,
	title = {Dose-dependent effect of antipsychotic drugs on autonomic nervous system activity in schizophrenia},
	author = {Iwamoto, Yohko and Kawanishi, Chiaki and Kishida, Ikuko and Furuno, Taku and Fujibayashi, Mami and Ishii, Chie and Ishii, Norio and Moritani, Toshio and Taguri, Masataka and Hirayasu, Yoshio},
	year = {2012},
	month = {11},
	date = {2012-11-14},
	journal = {BMC Psychiatry},
	volume = {12},
	number = {1},
	doi = {10.1186/1471-244x-12-199},
	url = {http://dx.doi.org/10.1186/1471-244X-12-199}
}

@article{schuck2019,
	title = {Use of Titration as a Therapeutic Individualization Strategy: An Analysis of Food and Drug Administration-Approved Drugs},
	author = {Schuck, Robert N. and Pacanowski, Michael and Kim, Sarah and Madabushi, Rajanikanth and Zineh, Issam},
	year = {2019},
	month = {05},
	date = {2019-05},
	journal = {Clinical and Translational Science},
	pages = {236--239},
	volume = {12},
	number = {3},
	doi = {10.1111/cts.12626},
	note = {PMID: 30791226
PMCID: PMC6510374},
	langid = {eng}
}

@article{vadiei2020,
	title = {Start low, go fast? Antipsychotic titration patterns at an inpatient psychiatric hospital},
	author = {Vadiei, Nina and Chien, Jonathan and Enwereji, Jude and Myslinski, Britt and Guzman, Alexander},
	year = {2020},
	month = {09},
	date = {2020-09},
	journal = {The Mental Health Clinician},
	pages = {275--281},
	volume = {10},
	number = {5},
	doi = {10.9740/mhc.2020.09.275},
	note = {PMID: 33062553
PMCID: PMC7534816},
	langid = {eng}
}

@article{buckley2008,
	title = {Strategies for dosing and switching antipsychotics for optimal clinical management},
	author = {Buckley, Peter F. and Correll, Christoph U.},
	year = {2008},
	date = {2008},
	journal = {The Journal of Clinical Psychiatry},
	pages = {4--17},
	volume = {69 Suppl 1},
	note = {PMID: 18484804},
	langid = {eng}
}

@article{caffrey2020,
	title = {The art and science of drug titration},
	author = {Caffrey, Aisling R. and Borrelli, Eric P.},
	year = {2020},
	month = {01},
	date = {2020-01},
	journal = {Therapeutic Advances in Drug Safety},
	pages = {204209862095891},
	volume = {11},
	doi = {10.1177/2042098620958910},
	url = {http://journals.sagepub.com/doi/10.1177/2042098620958910},
	langid = {en}
}

@article{sullivan2007,
	title = {Practical prescribing with aripiprazole in schizophrenia: consensus recommendations of a UK multidisciplinary panel},
	author = {Sullivan, Gary and Bienroth, Markus and Jones, Martin and Millar, Helen and Ratna, Lawrence and Taylor, David},
	year = {2007},
	month = {07},
	date = {2007-07},
	journal = {Current Medical Research and Opinion},
	pages = {1733--1744},
	volume = {23},
	number = {7},
	doi = {10.1185/030079907x210633},
	note = {PMID: 17588303},
	langid = {eng}
}

@article{kim2003,
	title = {Optimal Dosing and Long-Term Effects of Risperidone},
	author = {Kim, Chan-Hyung and Chang-Yoon Kim, },
	year = {2003},
	month = {02},
	date = {2003-02-01},
	pages = {135--146},
	volume = {1},
	number = {1},
	url = {https://www.cpn.or.kr/journal/view.html?spage=135&volume=1&number=1},
	note = {Publisher: The Korean College of Neuropsychopharmacology},
	langid = {en}
}

@article{hamann2007,
	title = {How long do psychiatrists wait for response before they switch to another antipsychotic?},
	author = {Hamann, Johannes and Kissling, Werner and Leucht, Stefan},
	year = {2007},
	date = {2007},
	journal = {Psychopharmacology Bulletin},
	pages = {149--154},
	volume = {40},
	number = {3},
	note = {PMID: 18007575},
	langid = {eng}
}

@book{taylor2018,
	title = {The Maudsley Prescribing Guidelines in Psychiatry},
	author = {Taylor, David and Barnes, Thomas R. E. and Young, Allan},
	year = {2018},
	month = {01},
	date = {2018-01-01},
	publisher = {Wiley Blackwell},
	edition = {13},
	url = {https://books.google.co.kr/books?id=IrBVDwAAQBAJ&printsec=frontcover&dq=Maudsley+prescribing+guide&hl=en&sa=X&redir_esc=y#v=onepage&q=Maudsley%20prescribing%20guide&f=false}
}

@article{kane2007,
	title = {Treatment adherence and long-term outcomes},
	author = {Kane, John M.},
	year = {2007},
	month = {10},
	date = {2007-10},
	journal = {CNS spectrums},
	pages = {21--26},
	volume = {12},
	number = {10 Suppl 17},
	doi = {10.1017/s1092852900026304},
	note = {PMID: 17934386},
	langid = {eng}
}

@article{grace1992,
	title = {The depolarization block hypothesis of neuroleptic action: implications for the etiology and treatment of schizophrenia},
	author = {Grace, A. A.},
	year = {1992},
	date = {1992},
	journal = {Journal of Neural Transmission. Supplementum},
	pages = {91--131},
	volume = {36},
	doi = {10.1007/978-3-7091-9211-5_6},
	note = {PMID: 1356143},
	langid = {eng}
}

@article{agid2003,
	title = {Delayed-Onset Hypothesis of Antipsychotic Action},
	author = {Agid, Ofer and Kapur, Shitij and Arenovich, Tamara and Zipursky, Robert B.},
	year = {2003},
	month = {12},
	date = {2003-12-01},
	journal = {Archives of General Psychiatry},
	pages = {1228},
	volume = {60},
	number = {12},
	doi = {10.1001/archpsyc.60.12.1228},
	url = {http://dx.doi.org/10.1001/archpsyc.60.12.1228}
}

@article{leucht2005,
	title = {Early-onset hypothesis of antipsychotic drug action: a hypothesis tested, confirmed and extended},
	author = {Leucht, Stefan and Busch, Raymonde and Hamann, Johannes and Kissling, Werner and Kane, John M.},
	year = {2005},
	month = {06},
	date = {2005-06-15},
	journal = {Biological Psychiatry},
	pages = {1543--1549},
	volume = {57},
	number = {12},
	doi = {10.1016/j.biopsych.2005.02.023},
	note = {PMID: 15953491},
	langid = {eng}
}

@article{samara2015,
	title = {Early Improvement As a Predictor of Later Response to Antipsychotics in Schizophrenia: A Diagnostic Test Review},
	author = {Samara, Myrto T. and Leucht, Claudia and Leeflang, Mariska M. and Anghelescu, Ion-George and Chung, Young-Chul and Crespo-Facorro, Benedicto and Elkis, Helio and Hatta, Kotaro and Giegling, Ina and Kane, John M. and Kayo, Monica and Lambert, Martin and Lin, Ching-Hua and {Möller}, {Hans-Jürgen} and {Pelayo-Terán}, {José María} and Riedel, Michael and Rujescu, Dan and Schimmelmann, Benno G. and Serretti, Alessandro and Correll, Christoph U. and Leucht, Stefan},
	year = {2015},
	month = {07},
	date = {2015-07},
	journal = {American Journal of Psychiatry},
	pages = {617{\textendash}629},
	volume = {172},
	number = {7},
	doi = {10.1176/appi.ajp.2015.14101329},
	url = {http://dx.doi.org/10.1176/appi.ajp.2015.14101329}
}

@article{levine2010,
	title = {Elaboration on the early-onset hypothesis of antipsychotic drug action: treatment response trajectories},
	author = {Levine, Stephen Z. and Leucht, Stefan},
	year = {2010},
	month = {07},
	date = {2010-07-01},
	journal = {Biological Psychiatry},
	pages = {86--92},
	volume = {68},
	number = {1},
	doi = {10.1016/j.biopsych.2010.01.012},
	note = {PMID: 20227681},
	langid = {eng}
}

@article{agid2007,
	title = {Early use of clozapine for poorly responding first-episode psychosis},
	author = {Agid, Ofer and Remington, Gary and Kapur, Shitij and Arenovich, Tamara and Zipursky, Robert B.},
	year = {2007},
	month = {08},
	date = {2007-08},
	journal = {Journal of Clinical Psychopharmacology},
	pages = {369--373},
	volume = {27},
	number = {4},
	doi = {10.1097/jcp.0b013e3180d0a6d4},
	note = {PMID: 17632221},
	langid = {eng}
}

@article{agid2013,
	title = {Antipsychotic response in first-episode schizophrenia: efficacy of high doses and switching},
	author = {Agid, Ofer and Schulze, Laura and Arenovich, Tamara and Sajeev, Gautam and McDonald, Krysta and Foussias, George and Fervaha, Gagan and Remington, Gary},
	year = {2013},
	month = {09},
	date = {2013-09},
	journal = {European Neuropsychopharmacology},
	pages = {1017{\textendash}1022},
	volume = {23},
	number = {9},
	doi = {10.1016/j.euroneuro.2013.04.010},
	url = {http://dx.doi.org/10.1016/j.euroneuro.2013.04.010}
}

@article{gillespie2017,
	title = {Is treatment-resistant schizophrenia categorically distinct from treatment-responsive schizophrenia? a systematic review},
	author = {Gillespie, Amy L. and Samanaite, Ruta and Mill, Jonathan and Egerton, Alice and MacCabe, James H.},
	year = {2017},
	month = {12},
	date = {2017-12},
	journal = {BMC Psychiatry},
	pages = {12},
	volume = {17},
	number = {1},
	doi = {10.1186/s12888-016-1177-y},
	url = {http://bmcpsychiatry.biomedcentral.com/articles/10.1186/s12888-016-1177-y},
	langid = {en}
}

@article{prajapati2017,
	title = {Prescribing quality improvement: reducing high-dose antipsychotic use},
	author = {Prajapati, Asta R and Johnston, Esther and Ugochukwu, Uju and Solomka, Bohdan},
	year = {2017},
	month = {07},
	date = {2017-07},
	journal = {Progress in Neurology and Psychiatry},
	pages = {18--21},
	volume = {21},
	number = {3},
	doi = {10.1002/pnp.475},
	url = {https://onlinelibrary.wiley.com/doi/10.1002/pnp.475},
	langid = {en}
}

@article{scott2021,
	title = {High dose antipsychotic treatment monitoring audit},
	author = {Scott, Jake and Belda, Jose},
	year = {2021},
	month = {06},
	date = {2021-06},
	journal = {BJPsych Open},
	pages = {S348--S348},
	volume = {7},
	number = {S1},
	doi = {10.1192/bjo.2021.912},
	url = {https://www.cambridge.org/core/product/identifier/S2056472421009121/type/journal_article},
	langid = {en}
}

@article{ray2019,
	title = {Association of Antipsychotic Treatment With Risk of Unexpected Death Among Children and Youths},
	author = {Ray, Wayne A. and Stein, C. Michael and Murray, Katherine T. and Fuchs, D. Catherine and Patrick, Stephen W. and Daugherty, James and Hall, Kathi and Cooper, William O.},
	year = {2019},
	month = {02},
	date = {2019-02-01},
	journal = {JAMA Psychiatry},
	pages = {162},
	volume = {76},
	number = {2},
	doi = {10.1001/jamapsychiatry.2018.3421},
	url = {http://archpsyc.jamanetwork.com/article.aspx?doi=10.1001/jamapsychiatry.2018.3421},
	langid = {en}
}

@article{roh2014,
	title = {Antipsychotic polypharmacy and high-dose prescription in schizophrenia: a 5-year comparison},
	author = {Roh, Daeyoung and Chang, Jhin-Goo and Kim, Chan-Hyung and Cho, Hyun-Sang and An, Suk Kyoon and Jung, Young-Chul},
	year = {2014},
	month = {01},
	date = {2014-01},
	journal = {The Australian and New Zealand Journal of Psychiatry},
	pages = {52--60},
	volume = {48},
	number = {1},
	doi = {10.1177/0004867413488221},
	note = {PMID: 23671214},
	langid = {eng}
}

@article{zhu2019,
	title = {Antipsychotic drugs and sudden cardiac death: A literature review of the challenges in the prediction, management, and future steps},
	author = {Zhu, Jingjing and Hou, Weihong and Xu, Yong and Ji, Feng and Wang, Guowei and Chen, Ce and Lin, Chongguang and Lin, Xiodong and Li, Jie and Zhuo, Chuanjun and Shao, Mingjng},
	year = {2019},
	month = {11},
	date = {2019-11},
	journal = {Psychiatry Research},
	pages = {112598},
	volume = {281},
	doi = {10.1016/j.psychres.2019.112598},
	url = {https://linkinghub.elsevier.com/retrieve/pii/S0165178119308364},
	langid = {en}
}

@article{hasan2013,
	title = {World Federation of Societies of Biological Psychiatry (WFSBP) guidelines for biological treatment of schizophrenia, part 2: update 2012 on the long-term treatment of schizophrenia and management of antipsychotic-induced side effects},
	author = {Hasan, Alkomiet and Falkai, Peter and Wobrock, Thomas and Lieberman, Jeffrey and Glenthoj, Birte and Gattaz, Wagner F. and Thibaut, Florence and {Möller}, {Hans-Jürgen} and WFSBP Task force on Treatment Guidelines for Schizophrenia, },
	year = {2013},
	month = {02},
	date = {2013-02},
	journal = {The World Journal of Biological Psychiatry: The Official Journal of the World Federation of Societies of Biological Psychiatry},
	pages = {2--44},
	volume = {14},
	number = {1},
	doi = {10.3109/15622975.2012.739708},
	note = {PMID: 23216388},
	langid = {eng}
}

@article{galletly2016,
	title = {Royal Australian and New Zealand College of Psychiatrists clinical practice guidelines for the management of schizophrenia and related disorders},
	author = {Galletly, Cherrie and Castle, David and Dark, Frances and Humberstone, Verity and Jablensky, Assen and Killackey, {Eóin} and Kulkarni, Jayashri and McGorry, Patrick and Nielssen, Olav and Tran, Nga},
	year = {2016},
	month = {05},
	date = {2016-05},
	journal = {The Australian and New Zealand Journal of Psychiatry},
	pages = {410--472},
	volume = {50},
	number = {5},
	doi = {10.1177/0004867416641195},
	note = {PMID: 27106681},
	langid = {eng}
}

@article{buchanan2010,
	title = {The 2009 schizophrenia PORT psychopharmacological treatment recommendations and summary statements},
	author = {Buchanan, Robert W. and Kreyenbuhl, Julie and Kelly, Deanna L. and Noel, Jason M. and Boggs, Douglas L. and Fischer, Bernard A. and Himelhoch, Seth and Fang, Beverly and Peterson, Eunice and Aquino, Patrick R. and Keller, William and {Schizophrenia Patient Outcomes Research Team (PORT)}, },
	year = {2010},
	month = {01},
	date = {2010-01},
	journal = {Schizophrenia Bulletin},
	pages = {71--93},
	volume = {36},
	number = {1},
	doi = {10.1093/schbul/sbp116},
	note = {PMID: 19955390
PMCID: PMC2800144},
	langid = {eng}
}

@article{americanpsychiatricassociation2020,
	title = {The American Psychiatric Association Practice Guideline for the Treatment of Patients With Schizophrenia},
	author = {American Psychiatric Association, },
	year = {2020},
	month = {08},
	date = {2020-08-31},
	doi = {10.1176/appi.books.9780890424841},
	url = {http://dx.doi.org/10.1176/appi.books.9780890424841}
}

@article{verma2011,
	title = {Ministry of Health clinical practice guidelines: schizophrenia},
	author = {Verma, S. and Chan, L. L. and Chee, K. S. and Chen, H. and Chin, S. A. and Chong, S. A. and Chua, W. and Fones, C. and Fung, D. and Khoo, C. L. and Kwek, S. K. D. and Ling, J. and Poh, P. and Sim, K. and Tan, B. L. and Tan, C. and Tan, C. H. and Tan, L. L. and Tay, W. K. and MOH Clinical Practice Guidelines Workgroup on Schizophrenia, },
	year = {2011},
	month = {07},
	date = {2011-07},
	journal = {Singapore Medical Journal},
	pages = {521--525; quiz 526},
	volume = {52},
	number = {7},
	note = {PMID: 21808964},
	langid = {eng}
}

@article{correll2022,
	title = {Systematic literature review of schizophrenia clinical practice guidelines on acute and maintenance management with antipsychotics},
	author = {Correll, Christoph U. and Martin, Amber and Patel, Charmi and Benson, Carmela and Goulding, Rebecca and Kern-Sliwa, Jennifer and Joshi, Kruti and Schiller, Emma and Kim, Edward},
	year = {2022},
	month = {02},
	date = {2022-02-24},
	journal = {Schizophrenia},
	volume = {8},
	number = {1},
	doi = {10.1038/s41537-021-00192-x},
	url = {http://dx.doi.org/10.1038/s41537-021-00192-x}
}

@article{kanahara2022,
	title = {The effects of cumulative antipsychotic dose on brain structures in patients with schizophrenia: Observational study of multiple CT scans over a long-term clinical course},
	author = {Kanahara, Nobuhisa and Yamanaka, Hiroshi and Shiko, Yuki and Kawasaki, Yohei and Iyo, Masaomi},
	year = {2022},
	month = {01},
	date = {2022-01},
	journal = {Psychiatry Research: Neuroimaging},
	pages = {111422},
	volume = {319},
	doi = {10.1016/j.pscychresns.2021.111422},
	url = {https://linkinghub.elsevier.com/retrieve/pii/S0925492721001748},
	langid = {en}
}

@article{lee2017,
	title = {Prevalence of Metabolic Syndrome in Patients with Schizophrenia in Korea: A Multicenter Nationwide Cross-Sectional Study},
	author = {Lee, Jung Sun and Kwon, Jun Soo and Kim, Daeho and Kim, Sung-Wan and Kim, Jae-Jin and Kim, Jong-Hoon and Nam, Hee Jung and Ryu, Seunghyong and Park, Il Ho and An, Suk Kyoon and Oh, Hong-Seok and Won, Seunghee and Lee, Kanguk and Lee, Kyu Young and Lee, Seung-Hwan and Lee, Yu Sang and Yi, Jung-Seo and Hong, Kyung Sue and Joo, Yeon Ho},
	year = {2017},
	date = {2017},
	journal = {Psychiatry Investigation},
	pages = {44},
	volume = {14},
	number = {1},
	doi = {10.4306/pi.2017.14.1.44},
	url = {http://psychiatryinvestigation.org/journal/view.php?doi=10.4306/pi.2017.14.1.44},
	langid = {en}
}

@article{huq2004,
	title = {A Trial of Low Doses of Risperidone in the Treatment of Patients With First-Episode Schizophrenia, Schizophreniform Disorder, or Schizoaffective Disorder},
	author = {Huq, Zahid-Ul},
	year = {2004},
	month = {04},
	date = {2004-04},
	journal = {Journal of Clinical Psychopharmacology},
	pages = {220--224},
	volume = {24},
	number = {2},
	doi = {10.1097/01.jcp.0000115663.45074.8a},
	url = {https://journals.lww.com/00004714-200404000-00017},
	langid = {en}
}

@article{mcgorry2013,
	title = {Antipsychotic medication during the critical period following remission from first-episode psychosis: less is more},
	author = {McGorry, Patrick and Alvarez-Jimenez, Mario and Killackey, Eoin},
	year = {2013},
	month = {09},
	date = {2013-09},
	journal = {JAMA psychiatry},
	pages = {898--900},
	volume = {70},
	number = {9},
	doi = {10.1001/jamapsychiatry.2013.264},
	note = {PMID: 23824206},
	langid = {eng}
}

@article{wunderink2013,
	title = {Recovery in remitted first-episode psychosis at 7 years of follow-up of an early dose reduction/discontinuation or maintenance treatment strategy: long-term follow-up of a 2-year randomized clinical trial},
	author = {Wunderink, Lex and Nieboer, Roeline M. and Wiersma, Durk and Sytema, Sjoerd and Nienhuis, Fokko J.},
	year = {2013},
	month = {09},
	date = {2013-09},
	journal = {JAMA psychiatry},
	pages = {913--920},
	volume = {70},
	number = {9},
	doi = {10.1001/jamapsychiatry.2013.19},
	note = {PMID: 23824214},
	langid = {eng}
}

@article{zhou2018,
	title = {Dose reduction of risperidone and olanzapine can improve cognitive function and negative symptoms in stable schizophrenic patients: A single-blinded, 52-week, randomized controlled study},
	author = {Zhou, Yanling and Li, Guannan and Li, Dan and Cui, Hongmei and Ning, Yuping},
	year = {2018},
	month = {05},
	date = {2018-05},
	journal = {Journal of Psychopharmacology},
	pages = {524--532},
	volume = {32},
	number = {5},
	doi = {10.1177/0269881118756062},
	url = {http://journals.sagepub.com/doi/10.1177/0269881118756062},
	langid = {en}
}

@article{shimomura2020,
	title = {Antipsychotic treatment in the maintenance phase of schizophrenia: An updated systematic review of the guidelines and algorithms},
	author = {Shimomura, Yutaro and Kikuchi, Yuhei and Suzuki, Takefumi and Uchida, Hiroyuki and Mimura, Masaru and Takeuchi, Hiroyoshi},
	year = {2020},
	month = {01},
	date = {2020-01},
	journal = {Schizophrenia Research},
	pages = {8--16},
	volume = {215},
	doi = {10.1016/j.schres.2019.09.013},
	url = {https://linkinghub.elsevier.com/retrieve/pii/S0920996419304232},
	langid = {en}
}

@article{crellin2022,
	title = {An analysis of views about supported reduction or discontinuation of antipsychotic treatment among people with schizophrenia and other psychotic disorders},
	author = {Crellin, Nadia E. and Priebe, Stefan and Morant, Nicola and Lewis, Glyn and Freemantle, Nick and Johnson, Sonia and Horne, Rob and Pinfold, Vanessa and Kent, Lyn and Smith, Ruth and Darton, Katherine and Cooper, Ruth E. and Long, Maria and Thompson, Jemima and Gruenwald, Lisa and Freudenthal, Robert and Stansfeld, Jacki L. and Moncrieff, Joanna},
	year = {2022},
	month = {03},
	date = {2022-03-15},
	journal = {BMC psychiatry},
	pages = {185},
	volume = {22},
	number = {1},
	doi = {10.1186/s12888-022-03822-5},
	note = {PMID: 35291964
PMCID: PMC8925064},
	langid = {eng}
}

@article{højlund2021,
	title = {Standard versus reduced dose of antipsychotics for relapse prevention in multi-episode schizophrenia: a systematic review and meta-analysis of randomised controlled trials},
	author = {{Højlund}, Mikkel and Kemp, Adam F and Haddad, Peter M and Neill, Joanna C and Correll, Christoph U},
	year = {2021},
	month = {06},
	date = {2021-06},
	journal = {The Lancet Psychiatry},
	pages = {471--486},
	volume = {8},
	number = {6},
	doi = {10.1016/S2215-0366(21)00078-X},
	url = {https://linkinghub.elsevier.com/retrieve/pii/S221503662100078X},
	langid = {en}
}

@article{weller2019,
	title = {Can antipsychotic dose reduction lead to better functional recovery in first{-}episode psychosis? A randomized controlled{-}trial of antipsychotic dose reduction. The reduce trial: Study protocol},
	author = {Weller, Amber and Gleeson, John and {Alvarez{-}Jimenez}, Mario and McGorry, Patrick and Nelson, Barnaby and Allott, Kelly and Bendall, Sarah and Bartholomeusz, Cali and Koval, Peter and Harrigan, Susy and {O'Donoghue}, Brian and Fornito, Alex and Pantelis, Christos and Paul Amminger, G. and Ratheesh, Aswin and Polari, Andrea and Wood, Stephen J. and van der El, Kristi and Ellinghaus, Carli and Gates, Jesse and {O'Connell}, Jessica and Mueller, Marianne and Wunderink, Lex and Killackey, {Eóin}},
	year = {2019},
	month = {12},
	date = {2019-12},
	journal = {Early Intervention in Psychiatry},
	pages = {1345--1356},
	volume = {13},
	number = {6},
	doi = {10.1111/eip.12769},
	url = {https://onlinelibrary.wiley.com/doi/10.1111/eip.12769},
	langid = {en}
}

@article{moncrieff2019,
	title = {Randomised controlled trial of gradual antipsychotic reduction and discontinuation in people with schizophrenia and related disorders: the RADAR trial (Research into Antipsychotic Discontinuation and Reduction)},
	author = {Moncrieff, Joanna and Lewis, Glyn and Freemantle, Nick and Johnson, Sonia and Barnes, Thomas R E and Morant, Nicola and Pinfold, Vanessa and Hunter, Rachael and Kent, Lyn J and Smith, Ruth and Darton, Katherine and Horne, Robert and Crellin, Nadia E and Cooper, Ruth E and Priebe, Stefan},
	year = {2019},
	month = {11},
	date = {2019-11},
	journal = {BMJ Open},
	pages = {e030912},
	volume = {9},
	number = {11},
	doi = {10.1136/bmjopen-2019-030912},
	url = {https://bmjopen.bmj.com/lookup/doi/10.1136/bmjopen-2019-030912},
	langid = {en}
}

@article{stürup2017,
	title = {TAILOR - tapered discontinuation versus maintenance therapy of antipsychotic medication in patients with newly diagnosed schizophrenia or persistent delusional disorder in remission of psychotic symptoms: study protocol for a randomized clinical trial},
	author = {{Stürup}, Anne Emilie and Jensen, Heidi Dorthe and Dolmer, Signe and Birk, Merete and Albert, Nikolai and Nielsen, Mai and {Hjorthøj}, Carsten and Eplov, Lene and Ebdrup, {Bjørn H.} and Mors, Ole and Nordentoft, Merete},
	year = {2017},
	month = {09},
	date = {2017-09-29},
	journal = {Trials},
	pages = {445},
	volume = {18},
	number = {1},
	doi = {10.1186/s13063-017-2172-4},
	note = {PMID: 28962668
PMCID: PMC5622425},
	langid = {eng}
}

@article{begemann2020,
	title = {To continue or not to continue? Antipsychotic medication maintenance versus dose-reduction/discontinuation in first episode psychosis: HAMLETT, a pragmatic multicenter single-blind randomized controlled trial},
	author = {Begemann, Marieke J. H. and Thompson, Ilse A. and Veling, Wim and Gangadin, Shiral S. and Geraets, Chris N. W. and {van {\textquoteleft}t Hag}, Erna and {Müller-Kuperus}, Sanne J. and Oomen, Priscilla P. and Voppel, Alban E. and van der Gaag, Mark and Kikkert, Martijn J. and Van Os, Jim and Smit, H. Filip E. and Knegtering, Rikus H. and Wiersma, Sybren and Stouten, Luyken H. and Gijsman, Harm J. and Wunderink, Lex and Staring, Anton B. P. and Veerman, Selene R. T. and Mahabir, Amrita G. S. and Kurkamp, {Jörg} and Pijnenborg, Gerdina H. M. and Veen, Natalie D. and Marcelis, Machteld and Grootens, Koen P. and Faber, Gunnar and van Beveren, Nico J. and Been, Agaath and van den Brink, Truus and Bak, Maarten and van Amelsvoort, Therese A. M. J. and Ruissen, Andrea and Blanke, Christine and Groen, Karin and de Haan, Lieuwe and Sommer, Iris E. C.},
	year = {2020},
	month = {12},
	date = {2020-12},
	journal = {Trials},
	pages = {147},
	volume = {21},
	number = {1},
	doi = {10.1186/s13063-019-3822-5},
	url = {https://trialsjournal.biomedcentral.com/articles/10.1186/s13063-019-3822-5},
	langid = {en}
}

@article{emsley2012,
	title = {Symptom recurrence following intermittent treatment in first-episode schizophrenia successfully treated for 2 years: a 3-year open-label clinical study},
	author = {Emsley, Robin and Oosthuizen, Petrus P. and Koen, Liezl and Niehaus, Dana J. H. and Martinez, Guadalupe},
	year = {2012},
	month = {04},
	date = {2012-04},
	journal = {The Journal of Clinical Psychiatry},
	pages = {e541--547},
	volume = {73},
	number = {4},
	doi = {10.4088/JCP.11m07138},
	note = {PMID: 22579160},
	langid = {eng}
}

@article{takeuchi2011,
	title = {How long to wait before reducing antipsychotic dosage in stabilized patients with schizophrenia? A retrospective chart review},
	author = {Takeuchi, Hiroyoshi and Suzuki, Takefumi and Uchida, Hiroyuki and Kikuchi, Toshiaki and Nakajima, Shinichiro and Manki, Hiroshi and Watanabe, Koichiro and Kashima, Haruo},
	year = {2011},
	month = {08},
	date = {2011-08},
	journal = {Journal of Psychiatric Research},
	pages = {1083--1088},
	volume = {45},
	number = {8},
	doi = {10.1016/j.jpsychires.2011.01.007},
	note = {PMID: 21303712},
	langid = {eng}
}

@article{sukegawa2014,
	title = {Study protocol: safety correction of high dose antipsychotic polypharmacy in Japan},
	author = {Sukegawa, Tsuruhei and Inagaki, Ataru and Yamanouchi, Yoshio and Inada, Toshiya and Yoshio, Takashi and Yoshimura, Reiji and Iwata, Nakao},
	year = {2014},
	month = {04},
	date = {2014-04-07},
	journal = {BMC psychiatry},
	pages = {103},
	volume = {14},
	doi = {10.1186/1471-244X-14-103},
	note = {PMID: 24708857
PMCID: PMC4234191},
	langid = {eng}
}

@article{yamanouchi2015,
	title = {Evaluation of the Individual Safe Correction of Antipsychotic Agent Polypharmacy in Japanese Patients with Chronic Schizophrenia: Validation of Safe Corrections for Antipsychotic Polypharmacy and the High-Dose Method},
	author = {Yamanouchi, Y. and Sukegawa, T. and Inagaki, A. and Inada, T. and Yoshio, T. and Yoshimura, R. and Iwata, N.},
	year = {2015},
	month = {03},
	date = {2015-03-01},
	journal = {International Journal of Neuropsychopharmacology},
	pages = {pyu016--pyu016},
	volume = {18},
	number = {5},
	doi = {10.1093/ijnp/pyu016},
	url = {https://academic.oup.com/ijnp/article-lookup/doi/10.1093/ijnp/pyu016},
	langid = {en}
}

@article{liu2020,
	title = {Achieving the Lowest Effective Antipsychotic Dose for Patients with Remitted Psychosis: A Proposed Guided Dose-Reduction Algorithm},
	author = {Liu, Chen-Chung and Takeuchi, Hiroyoshi},
	year = {2020},
	month = {02},
	date = {2020-02},
	journal = {CNS drugs},
	pages = {117--126},
	volume = {34},
	number = {2},
	doi = {10.1007/s40263-019-00682-8},
	note = {PMID: 31741178},
	langid = {eng}
}

@article{liu2022,
	title = {Protocol of guided antipsychotic reduction to reach minimum effective dose (GARMED) in patients with remitted psychosis based on pragmatic design},
	author = {Liu, Chen-Chung and Hsieh, Ming H. and Chien, Yi-Ling and Liu, Chih-Min and Lin, Yi-Ting and Hwang, Tzung-Jeng and Hwu, Hai-Gwo},
	year = {2022},
	month = {02},
	date = {2022-02},
	journal = {Early Intervention in Psychiatry},
	pages = {178--185},
	volume = {16},
	number = {2},
	doi = {10.1111/eip.13144},
	note = {PMID: 33751764},
	langid = {eng}
}

@article{horowitz2021,
	title = {A Method for Tapering Antipsychotic Treatment That May Minimize the Risk of Relapse},
	author = {Horowitz, Mark Abie and Jauhar, Sameer and Natesan, Sridhar and Murray, Robin M and Taylor, David},
	year = {2021},
	month = {07},
	date = {2021-07-08},
	journal = {Schizophrenia Bulletin},
	pages = {1116--1129},
	volume = {47},
	number = {4},
	doi = {10.1093/schbul/sbab017},
	url = {https://academic.oup.com/schizophreniabulletin/article/47/4/1116/6178746},
	langid = {en}
}

@article{takeuchi2019,
	title = {Does relapse contribute to treatment resistance? Antipsychotic response in first- vs. second-episode schizophrenia},
	author = {Takeuchi, Hiroyoshi and Siu, Cynthia and Remington, Gary and Fervaha, Gagan and Zipursky, Robert B. and Foussias, George and Agid, Ofer},
	year = {2019},
	month = {05},
	date = {2019-05},
	journal = {Neuropsychopharmacology: Official Publication of the American College of Neuropsychopharmacology},
	pages = {1036--1042},
	volume = {44},
	number = {6},
	doi = {10.1038/s41386-018-0278-3},
	note = {PMID: 30514883
PMCID: PMC6462044},
	langid = {eng}
}

@article{emsley2013,
	title = {The nature of relapse in schizophrenia},
	author = {Emsley, Robin and Chiliza, Bonginkosi and Asmal, Laila and Harvey, Brian H.},
	year = {2013},
	month = {02},
	date = {2013-02-08},
	journal = {BMC psychiatry},
	pages = {50},
	volume = {13},
	doi = {10.1186/1471-244X-13-50},
	note = {PMID: 23394123
PMCID: PMC3599855},
	langid = {eng}
}

@article{emsley2018,
	title = {Relapse After Antipsychotic Discontinuation in Schizophrenia as a Withdrawal Phenomenon vs Illness Recurrence: A Post Hoc Analysis of a Randomized Placebo-Controlled Study},
	author = {Emsley, Robin and Nuamah, Isaac and Gopal, Srihari and Hough, David and Fleischhacker, W. Wolfgang},
	year = {2018},
	month = {06},
	date = {2018-06-19},
	journal = {The Journal of Clinical Psychiatry},
	pages = {17m11874},
	volume = {79},
	number = {4},
	doi = {10.4088/JCP.17m11874},
	note = {PMID: 29924507},
	langid = {eng}
}

@article{nakata2017,
	title = {Dopamine supersensitivity psychosis in schizophrenia: Concepts and implications in clinical practice},
	author = {Nakata, Yusuke and Kanahara, Nobuhisa and Iyo, Masaomi},
	year = {2017},
	month = {12},
	date = {2017-12},
	journal = {Journal of Psychopharmacology (Oxford, England)},
	pages = {1511--1518},
	volume = {31},
	number = {12},
	doi = {10.1177/0269881117728428},
	note = {PMID: 28925317},
	langid = {eng}
}

@article{moncrieff2006,
	title = {Does antipsychotic withdrawal provoke psychosis? Review of the literature on rapid onset psychosis (supersensitivity psychosis) and withdrawal-related relapse},
	author = {Moncrieff, J.},
	year = {2006},
	month = {07},
	date = {2006-07},
	journal = {Acta Psychiatrica Scandinavica},
	pages = {3--13},
	volume = {114},
	number = {1},
	doi = {10.1111/j.1600-0447.2006.00787.x},
	note = {PMID: 16774655},
	langid = {eng}
}

@article{blackman2021,
	title = {Clozapine discontinuation withdrawal symptoms in schizophrenia},
	author = {Blackman, Graham and Oloyede, Ebenezer},
	year = {2021},
	month = {01},
	date = {2021-01},
	journal = {Therapeutic Advances in Psychopharmacology},
	pages = {204512532110320},
	volume = {11},
	doi = {10.1177/20451253211032053},
	url = {http://journals.sagepub.com/doi/10.1177/20451253211032053},
	langid = {en}
}

@article{cerovecki2013,
	title = {Withdrawal symptoms and rebound syndromes associated with switching and discontinuing atypical antipsychotics: theoretical background and practical recommendations},
	author = {Cerovecki, Anja and Musil, Richard and Klimke, Ansgar and {Seemüller}, Florian and Haen, Ekkehard and Schennach, Rebecca and {Kühn}, Kai-Uwe and Volz, Hans-Peter and Riedel, Michael},
	year = {2013},
	month = {07},
	date = {2013-07},
	journal = {CNS drugs},
	pages = {545--572},
	volume = {27},
	number = {7},
	doi = {10.1007/s40263-013-0079-5},
	note = {PMID: 23821039},
	langid = {eng}
}

@article{kapur2001,
	title = {Does fast dissociation from the dopamine d(2) receptor explain the action of atypical antipsychotics?: A new hypothesis},
	author = {Kapur, S. and Seeman, P.},
	year = {2001},
	month = {03},
	date = {2001-03},
	journal = {The American Journal of Psychiatry},
	pages = {360--369},
	volume = {158},
	number = {3},
	doi = {10.1176/appi.ajp.158.3.360},
	note = {PMID: 11229973},
	langid = {eng}
}

@article{shenoy1981,
	title = {Effects of a six-week drug holiday on symptom status, relapse, and tardive dyskinesia in chronic schizophrenics},
	author = {Shenoy, R. S. and Sadler, A. G. and Goldberg, S. C. and Hamer, R. M. and Ross, B.},
	year = {1981},
	month = {05},
	date = {1981-05},
	journal = {Journal of Clinical Psychopharmacology},
	pages = {141--145},
	volume = {1},
	number = {3},
	doi = {10.1097/00004714-198105000-00005},
	note = {PMID: 6117584},
	langid = {eng}
}

@article{hershey1981,
	title = {Effect of a drug holiday on plasma chlorpromazine levels in chronic schizophrenic patients},
	author = {Hershey, L. A. and Gift, T. and Atkins, R. W. and Rivera-Calimlim, L.},
	year = {1981},
	date = {1981},
	journal = {Psychopharmacology},
	pages = {355--358},
	volume = {73},
	number = {4},
	doi = {10.1007/BF00426465},
	note = {PMID: 6789357},
	langid = {eng}
}

@article{pyke1981,
	title = {Neuroleptic-free intervals in the treatment of schizophrenia},
	author = {Pyke, J and Seeman, Mary V.},
	year = {1981},
	month = {12},
	date = {1981-12},
	journal = {American Journal of Psychiatry},
	pages = {1620--1621},
	volume = {138},
	number = {12},
	doi = {10.1176/ajp.138.12.1620},
	url = {http://psychiatryonline.org/doi/abs/10.1176/ajp.138.12.1620},
	langid = {en}
}

@article{remington2005,
	title = {{"}Extended{"} antipsychotic dosing: rationale and pilot data},
	author = {Remington, Gary and Seeman, Philip and Shammi, Chekkera and Mann, Steve and Kapur, Shitij},
	year = {2005},
	month = {12},
	date = {2005-12},
	journal = {Journal of Clinical Psychopharmacology},
	pages = {611--613},
	volume = {25},
	number = {6},
	doi = {10.1097/01.jcp.0000185341.55096.65},
	note = {PMID: 16282851},
	langid = {eng}
}

@article{remington2011,
	title = {{\textquotedblleft}Extended{\textquotedblright} Antipsychotic Dosing in the Maintenance Treatment of Schizophrenia: A Double-Blind, Placebo-Controlled Trial},
	author = {Remington, Gary and Seeman, Philip and Feingold, Alan and Mann, Steve and Shammi, Chekkera and Kapur, Shitij},
	year = {2011},
	month = {08},
	date = {2011-08-15},
	journal = {The Journal of Clinical Psychiatry},
	pages = {1042--1048},
	volume = {72},
	number = {08},
	doi = {10.4088/JCP.09m05866yel},
	url = {http://article.psychiatrist.com/?ContentType=START&ID=10007055}
}

@article{mizuno2012,
	title = {Dopamine D2 receptor occupancy with risperidone or olanzapine during maintenance treatment of schizophrenia: a cross-sectional study},
	author = {Mizuno, Yuya and Bies, Robert R. and Remington, Gary and Mamo, David C. and Suzuki, Takefumi and Pollock, Bruce G. and Tsuboi, Takashi and Watanabe, Koichiro and Mimura, Masaru and Uchida, Hiroyuki},
	year = {2012},
	month = {04},
	date = {2012-04-27},
	journal = {Progress in Neuro-Psychopharmacology & Biological Psychiatry},
	pages = {182--187},
	volume = {37},
	number = {1},
	doi = {10.1016/j.pnpbp.2011.12.013},
	note = {PMID: 22230651},
	langid = {eng}
}

@article{ikai2012,
	title = {A Cross-Sectional Study of Plasma Risperidone Levels With Risperidone Long-Acting Injectable: Implications for Dopamine D {\textsubscript{2}} Receptor Occupancy During Maintenance Treatment in Schizophrenia},
	author = {Ikai, Saeko and Remington, Gary and Suzuki, Takefumi and Takeuchi, Hiroyoshi and Tsuboi, Takashi and Den, Ryosuke and Hirano, Jinichi and Tsunoda, Kenichi and Nishimoto, Masahiko and Watanabe, Koichiro and Mimura, Masaru and Mamo, David and Uchida, Hiroyuki},
	year = {2012},
	month = {08},
	date = {2012-08-15},
	journal = {The Journal of Clinical Psychiatry},
	pages = {1147--1152},
	volume = {73},
	number = {08},
	doi = {10.4088/JCP.12m07638},
	url = {http://article.psychiatrist.com/?ContentType=START&ID=10008007}
}

@article{tsuboi2015,
	title = {Challenging the need for sustained blockade of dopamine D₂ receptor estimated from antipsychotic plasma levels in the maintenance treatment of schizophrenia: A single-blind, randomized, controlled study},
	author = {Tsuboi, Takashi and Suzuki, Takefumi and Bies, Robert R. and Remington, Gary and Pollock, Bruce G. and Mimura, Masaru and Uchida, Hiroyuki},
	year = {2015},
	month = {05},
	date = {2015-05},
	journal = {Schizophrenia Research},
	pages = {149--154},
	volume = {164},
	number = {1-3},
	doi = {10.1016/j.schres.2015.03.025},
	note = {PMID: 25864950},
	langid = {eng}
}

@article{servonnet2021,
	title = {Continuous versus extended antipsychotic dosing in schizophrenia: Less is more},
	author = {Servonnet, Alice and Uchida, Hiroyuki and Samaha, {Anne-Noël}},
	year = {2021},
	month = {03},
	date = {2021-03-05},
	journal = {Behavioural Brain Research},
	pages = {113076},
	volume = {401},
	doi = {10.1016/j.bbr.2020.113076},
	note = {PMID: 33345826},
	langid = {eng}
}

@article{kaminsky2015,
	title = {Alternate Routes of Administration of Antidepressant and Antipsychotic Medications},
	author = {Kaminsky, Bonnie M. and Bostwick, Jolene R. and Guthrie, Sally K.},
	year = {2015},
	month = {07},
	date = {2015-07},
	journal = {The Annals of Pharmacotherapy},
	pages = {808--817},
	volume = {49},
	number = {7},
	doi = {10.1177/1060028015583893},
	note = {PMID: 25907529},
	langid = {eng}
}

@article{senel2018,
	title = {Orally disintegrating tablets, fast-dissolving, buccal and sublingual formulations},
	author = {{{\c{S}}enel}, Sevda and Comoglu, Tansel},
	year = {2018},
	month = {05},
	date = {2018-05-28},
	journal = {Pharmaceutical Development and Technology},
	pages = {431--431},
	volume = {23},
	number = {5},
	doi = {10.1080/10837450.2018.1462471},
	url = {https://www.tandfonline.com/doi/full/10.1080/10837450.2018.1462471},
	langid = {en}
}

@article{abruzzo2019,
	title = {Transdermal Delivery of Antipsychotics: Rationale and Current Status},
	author = {Abruzzo, Angela and Cerchiara, Teresa and Luppi, Barbara and Bigucci, Federica},
	year = {2019},
	month = {09},
	date = {2019-09},
	journal = {CNS Drugs},
	pages = {849--865},
	volume = {33},
	number = {9},
	doi = {10.1007/s40263-019-00659-7},
	url = {http://link.springer.com/10.1007/s40263-019-00659-7},
	langid = {en}
}

@article{wheless2018,
	title = {A Clinician's Guide to Oral Extended-Release Drug Delivery Systems in Epilepsy},
	author = {Wheless, James W. and Phelps, Stephanie J.},
	year = {2018},
	month = {08},
	date = {2018-08},
	journal = {The journal of pediatric pharmacology and therapeutics: JPPT: the official journal of PPAG},
	pages = {277--292},
	volume = {23},
	number = {4},
	doi = {10.5863/1551-6776-23.4.277},
	note = {PMID: 30181718
PMCID: PMC6117810},
	langid = {eng}
}

@article{haw2001,
	title = {New {\emph{BNF}} maximum recommended dose for haloperidol},
	author = {Haw, Camilla and Stubbs, Jean},
	year = {2001},
	month = {03},
	date = {2001-03},
	journal = {Psychiatric Bulletin},
	pages = {117--118},
	volume = {25},
	number = {3},
	doi = {10.1192/pb.25.3.117-b},
	url = {https://www.cambridge.org/core/product/identifier/S095560360009574X/type/journal_article},
	langid = {en}
}

@article{leucht2014,
	title = {Dose equivalents for second-generation antipsychotics: the minimum effective dose method},
	author = {Leucht, Stefan and Samara, Myrto and Heres, Stephan and Patel, Maxine X. and Woods, Scott W. and Davis, John M.},
	year = {2014},
	month = {03},
	date = {2014-03},
	journal = {Schizophrenia Bulletin},
	pages = {314--326},
	volume = {40},
	number = {2},
	doi = {10.1093/schbul/sbu001},
	note = {PMID: 24493852
PMCID: PMC3932104},
	langid = {eng}
}

@article{fruensgaard1978,
	title = {Parenteral treatment of acute psychotic patients with agitation: a review},
	author = {Fruensgaard, K.},
	year = {1978},
	date = {1978},
	journal = {Current Medical Research and Opinion},
	pages = {593--600},
	volume = {5},
	number = {8},
	doi = {10.1185/03007997809110193},
	note = {PMID: 30596},
	langid = {eng}
}

@article{lewis2006,
	title = {Randomized controlled trial of effect of prescription of clozapine versus other second-generation antipsychotic drugs in resistant schizophrenia},
	author = {Lewis, {Shôn W.} and Barnes, Thomas R. E. and Davies, Linda and Murray, Robin M. and Dunn, Graham and Hayhurst, Karen P. and Markwick, Alison and Lloyd, Helen and Jones, Peter B.},
	year = {2006},
	month = {10},
	date = {2006-10},
	journal = {Schizophrenia Bulletin},
	pages = {715--723},
	volume = {32},
	number = {4},
	doi = {10.1093/schbul/sbj067},
	note = {PMID: 16540702
PMCID: PMC2632262},
	langid = {eng}
}

@article{remington2013,
	title = {Clozapine's role in the treatment of first-episode schizophrenia},
	author = {Remington, Gary and Agid, Ofer and Foussias, George and Hahn, Margaret and Rao, Naren and Sinyor, Mark},
	year = {2013},
	month = {02},
	date = {2013-02},
	journal = {The American Journal of Psychiatry},
	pages = {146--151},
	volume = {170},
	number = {2},
	doi = {10.1176/appi.ajp.2012.12060778},
	note = {PMID: 23377634},
	langid = {eng}
}

@article{carpenter1996,
	title = {Maintenance therapy of persons with schizophrenia},
	author = {Carpenter, W. T.},
	year = {1996},
	date = {1996},
	journal = {The Journal of Clinical Psychiatry},
	pages = {10--18},
	volume = {57 Suppl 9},
	note = {PMID: 8823345},
	langid = {eng}
}

@article{kane1983,
	title = {Low dose medication strategies in the maintenance treatment of schizophrenia},
	author = {Kane, J. M.},
	year = {1983},
	date = {1983},
	journal = {Schizophrenia Bulletin},
	pages = {528--532},
	volume = {9},
	number = {4},
	doi = {10.1093/schbul/9.4.528},
	note = {PMID: 6140751},
	langid = {eng}
}

@article{verma2011a,
	title = {Ministry of Health clinical practice guidelines: schizophrenia},
	author = {Verma, S. and Chan, L. L. and Chee, K. S. and Chen, H. and Chin, S. A. and Chong, S. A. and Chua, W. and Fones, C. and Fung, D. and Khoo, C. L. and Kwek, S. K. D. and Ling, J. and Poh, P. and Sim, K. and Tan, B. L. and Tan, C. and Tan, C. H. and Tan, L. L. and Tay, W. K. and MOH Clinical Practice Guidelines Workgroup on Schizophrenia, },
	year = {2011},
	month = {07},
	date = {2011-07},
	journal = {Singapore Medical Journal},
	pages = {521--525; quiz 526},
	volume = {52},
	number = {7},
	note = {PMID: 21808964},
	langid = {eng}
}

@article{correll2022a,
	title = {Systematic literature review of schizophrenia clinical practice guidelines on acute and maintenance management with antipsychotics},
	author = {Correll, Christoph U. and Martin, Amber and Patel, Charmi and Benson, Carmela and Goulding, Rebecca and Kern-Sliwa, Jennifer and Joshi, Kruti and Schiller, Emma and Kim, Edward},
	year = {2022},
	month = {02},
	date = {2022-02-24},
	journal = {Schizophrenia},
	volume = {8},
	number = {1},
	doi = {10.1038/s41537-021-00192-x},
	url = {http://dx.doi.org/10.1038/s41537-021-00192-x}
}


@article{lee_prevalence_2017,
	title = {Prevalence of {Metabolic} {Syndrome} in {Patients} with {Schizophrenia} in {Korea}: {A} {Multicenter} {Nationwide} {Cross}-{Sectional} {Study}},
	volume = {14},
	issn = {1738-3684, 1976-3026},
	shorttitle = {Prevalence of {Metabolic} {Syndrome} in {Patients} with {Schizophrenia} in {Korea}},
	url = {http://psychiatryinvestigation.org/journal/view.php?doi=10.4306/pi.2017.14.1.44},
	doi = {10.4306/pi.2017.14.1.44},
	language = {en},
	number = {1},
	urldate = {2022-05-05},
	journal = {Psychiatry Investigation},
	author = {Lee, Jung Sun and Kwon, Jun Soo and Kim, Daeho and Kim, Sung-Wan and Kim, Jae-Jin and Kim, Jong-Hoon and Nam, Hee Jung and Ryu, Seunghyong and Park, Il Ho and An, Suk Kyoon and Oh, Hong-Seok and Won, Seunghee and Lee, Kanguk and Lee, Kyu Young and Lee, Seung-Hwan and Lee, Yu Sang and Yi, Jung-Seo and Hong, Kyung Sue and Joo, Yeon Ho},
	year = {2017},
	pages = {44},
	file = {Full Text:/Users/anselm/Zotero/storage/LWWBAVRN/Lee et al. - 2017 - Prevalence of Metabolic Syndrome in Patients with .pdf:application/pdf},
}


@article{moncrieff2019a,
	title = {Randomised controlled trial of gradual antipsychotic reduction and discontinuation in people with schizophrenia and related disorders: the RADAR trial (Research into Antipsychotic Discontinuation and Reduction)},
	author = {Moncrieff, Joanna and Lewis, Glyn and Freemantle, Nick and Johnson, Sonia and Barnes, Thomas R E and Morant, Nicola and Pinfold, Vanessa and Hunter, Rachael and Kent, Lyn J and Smith, Ruth and Darton, Katherine and Horne, Robert and Crellin, Nadia E and Cooper, Ruth E and Priebe, Stefan},
	year = {2019},
	month = {11},
	date = {2019-11},
	journal = {BMJ Open},
	pages = {e030912},
	volume = {9},
	number = {11},
	doi = {10.1136/bmjopen-2019-030912},
	url = {https://bmjopen.bmj.com/lookup/doi/10.1136/bmjopen-2019-030912},
	langid = {en}
}
