
@article{wadoo2017,
	title = {Hyperprolactinaemia: A guide for psychiatrists},
	author = {Wadoo, Ovais and Shah, Aadil Jan and Hall, Rachael and Mamoojee, Yaasir},
	year = {2017},
	month = {05},
	date = {2017-05},
	journal = {BJPsych Advances},
	pages = {158--166},
	volume = {23},
	number = {3},
	doi = {10.1192/apt.bp.115.014977},
	url = {https://www.cambridge.org/core/product/identifier/S2056467800002504/type/journal_article},
	langid = {en}
}

@article{aston2010,
	title = {Hyperprolactinaemia in early psychosis-not only due to antipsychotics},
	author = {Aston, Jacqueline and Rechsteiner, Evelyne and Bull, Nadine and Borgwardt, Stefan and Gschwandtner, Ute and {Riecher-Rössler}, Anita},
	year = {2010},
	month = {10},
	date = {2010-10-01},
	journal = {Progress in Neuro-Psychopharmacology & Biological Psychiatry},
	pages = {1342--1344},
	volume = {34},
	number = {7},
	doi = {10.1016/j.pnpbp.2010.02.019},
	note = {PMID: 20188136},
	langid = {eng}
}

@article{riecherrössler2013,
	title = {Hyperprolactinemia in antipsychotic-naive patients with first-episode psychosis},
	author = {{Riecher-Rössler}, A. and Rybakowski, J. K. and Pflueger, M. O. and Beyrau, R. and Kahn, R. S. and Malik, P. and Fleischhacker, W. W. and EUFEST Study Group, },
	year = {2013},
	month = {12},
	date = {2013-12},
	journal = {Psychological Medicine},
	pages = {2571--2582},
	volume = {43},
	number = {12},
	doi = {10.1017/S0033291713000226},
	note = {PMID: 23590895},
	langid = {eng}
}

@article{gonzálezrodríguez2020,
	title = {Antipsychotic-induced Hyperprolactinemia in aging populations: Prevalence, implications, prevention and management},
	author = {{González-Rodríguez}, Alexandre and Labad, Javier and Seeman, Mary V.},
	year = {2020},
	month = {07},
	date = {2020-07},
	journal = {Progress in Neuro-Psychopharmacology and Biological Psychiatry},
	pages = {109941},
	volume = {101},
	doi = {10.1016/j.pnpbp.2020.109941},
	url = {https://linkinghub.elsevier.com/retrieve/pii/S0278584620302578},
	langid = {en}
}

@article{bushe2008,
	title = {A review of the association between antipsychotic use and hyperprolactinaemia},
	author = {Bushe, Chris and Shaw, Michael and Peveler, Robert C.},
	year = {2008},
	month = {03},
	date = {2008-03},
	journal = {Journal of Psychopharmacology (Oxford, England)},
	pages = {46--55},
	volume = {22},
	number = {2 Suppl},
	doi = {10.1177/0269881107088435},
	note = {PMID: 18477620},
	langid = {eng}
}

@article{hoekstra2021,
	title = {Sex differences in antipsychotic efficacy and side effects in schizophrenia spectrum disorder: results from the BeSt InTro study},
	author = {Hoekstra, Sanne and Bartz-Johannessen, Christoffer and Sinkeviciute, Igne and Reitan, Solveig K. and Kroken, Rune A. and {Løberg}, Else-Marie and Larsen, Tor K. and Rettenbacher, Maria and Johnsen, Erik and Sommer, Iris E.},
	year = {2021},
	month = {12},
	date = {2021-12},
	journal = {npj Schizophrenia},
	pages = {39},
	volume = {7},
	number = {1},
	doi = {10.1038/s41537-021-00170-3},
	url = {https://www.nature.com/articles/s41537-021-00170-3},
	langid = {en}
}

@article{dehelean2020,
	title = {Prolactin response to antipsychotics: An inpatient study},
	author = {Dehelean, Liana and Romosan, Ana-Maria and Papava, Ion and Bredicean, Cristina Ana and Dumitrascu, Victor and Ursoniu, Sorin and Romosan, Radu-Stefan},
	year = {2020},
	date = {2020},
	journal = {PloS One},
	pages = {e0228648},
	volume = {15},
	number = {2},
	doi = {10.1371/journal.pone.0228648},
	note = {PMID: 32017792
PMCID: PMC6999917},
	langid = {eng}
}

@article{bo2016,
	title = {Prolactin related symptoms during risperidone maintenance treatment: results from a prospective, multicenter study of schizophrenia},
	author = {Bo, Qijing and Dong, Fang and Li, Xianbin and Wang, Zhimin and Ma, Xin and Wang, Chuanyue},
	year = {2016},
	month = {11},
	date = {2016-11-09},
	journal = {BMC psychiatry},
	pages = {386},
	volume = {16},
	number = {1},
	doi = {10.1186/s12888-016-1103-3},
	note = {PMID: 27829454
PMCID: PMC5103401},
	langid = {eng}
}

@article{haddad2004,
	title = {Antipsychotic-Induced Hyperprolactinaemia: Mechanisms, Clinical Features and Management},
	author = {Haddad, Peter M and Wieck, Angelika},
	year = {2004},
	date = {2004},
	journal = {Drugs},
	pages = {2291--2314},
	volume = {64},
	number = {20},
	doi = {10.2165/00003495-200464200-00003},
	url = {http://link.springer.com/10.2165/00003495-200464200-00003},
	langid = {en}
}

@article{marken1992,
	title = {Management of psychotropic-induced hyperprolactinemia},
	author = {Marken, P. A. and Haykal, R. F. and Fisher, J. N.},
	year = {1992},
	month = {10},
	date = {1992-10},
	journal = {Clinical Pharmacy},
	pages = {851--856},
	volume = {11},
	number = {10},
	note = {PMID: 1341991},
	langid = {eng}
}

@article{bargiota2013,
	title = {The Effects of Antipsychotics on Prolactin Levels and Women's Menstruation},
	author = {Bargiota, S. I. and Bonotis, K. S. and Messinis, I. E. and Angelopoulos, N. V.},
	year = {2013},
	date = {2013},
	journal = {Schizophrenia Research and Treatment},
	pages = {502697},
	volume = {2013},
	doi = {10.1155/2013/502697},
	note = {PMID: 24490071
PMCID: PMC3886401},
	langid = {eng}
}

@article{windgassen1996,
	title = {Galactorrhea and hyperprolactinemia in schizophrenic patients on neuroleptics: frequency and etiology},
	author = {Windgassen, K. and Wesselmann, U. and {Schulze Mönking}, H.},
	year = {1996},
	date = {1996},
	journal = {Neuropsychobiology},
	pages = {142--146},
	volume = {33},
	number = {3},
	doi = {10.1159/000119265},
	note = {PMID: 8776743},
	langid = {eng}
}

@article{kinon2003,
	title = {Prevalence of hyperprolactinemia in schizophrenic patients treated with conventional antipsychotic medications or risperidone},
	author = {Kinon, Bruce J. and Gilmore, Julie A. and Liu, Hong and Halbreich, Uriel M.},
	year = {2003},
	month = {04},
	date = {2003-04},
	journal = {Psychoneuroendocrinology},
	pages = {55--68},
	volume = {28 Suppl 2},
	doi = {10.1016/s0306-4530(02)00127-0},
	note = {PMID: 12650681},
	langid = {eng}
}

@article{serretti2011,
	title = {A meta-analysis of sexual dysfunction in psychiatric patients taking antipsychotics},
	author = {Serretti, Alessandro and Chiesa, Alberto},
	year = {2011},
	month = {05},
	date = {2011-05},
	journal = {International Clinical Psychopharmacology},
	pages = {130--140},
	volume = {26},
	number = {3},
	doi = {10.1097/YIC.0b013e328341e434},
	note = {PMID: 21191308},
	langid = {eng}
}

@article{just2015,
	title = {The influence of atypical antipsychotic drugs on sexual function},
	author = {Just, Marek J.},
	year = {2015},
	date = {2015},
	journal = {Neuropsychiatric Disease and Treatment},
	pages = {1655--1661},
	volume = {11},
	doi = {10.2147/NDT.S84528},
	note = {PMID: 26185449
PMCID: PMC4501246},
	langid = {eng}
}

@article{milano2017,
	title = {Hyperprolactinemia Induced by Antipsychotics: From Diagnosis to Treatment Approach},
	author = {Milano, Walter and Colletti, Chiara and Capasso, Anna},
	year = {2017},
	date = {2017},
	journal = {Endocrine, Metabolic & Immune Disorders Drug Targets},
	pages = {38--55},
	volume = {17},
	number = {1},
	doi = {10.2174/1871530317666170424102332},
	note = {PMID: 28440197},
	langid = {eng}
}

@article{howes2007,
	title = {Sexual function and gonadal hormones in patients taking antipsychotic treatment for schizophrenia or schizoaffective disorder},
	author = {Howes, Oliver D. and Wheeler, Michael J. and Pilowsky, Lyn S. and Landau, Sabine and Murray, Robin M. and Smith, Shubulade},
	year = {2007},
	month = {03},
	date = {2007-03},
	journal = {The Journal of Clinical Psychiatry},
	pages = {361--367},
	volume = {68},
	number = {3},
	doi = {10.4088/jcp.v68n0302},
	note = {PMID: 17388704
PMCID: PMC3666283},
	langid = {eng}
}

@article{albright1941,
	title = {POSTMENOPAUSAL OSTEOPOROSIS: ITS CLINICAL FEATURES},
	author = {Albright, Fuller and Smith, Patricia H. and Richardson, Anna M.},
	year = {1941},
	month = {05},
	date = {1941-05-31},
	journal = {Journal of the American Medical Association},
	pages = {2465},
	volume = {116},
	number = {22},
	doi = {10.1001/jama.1941.02820220007002},
	url = {http://jama.jamanetwork.com/article.aspx?doi=10.1001/jama.1941.02820220007002},
	langid = {en}
}

@article{lindsay1976,
	title = {Long-term prevention of postmenopausal osteoporosis by oestrogen. Evidence for an increased bone mass after delayed onset of oestrogen treatment},
	author = {Lindsay, R. and Hart, D. M. and Aitken, J. M. and MacDonald, E. B. and Anderson, J. B. and Clarke, A. C.},
	year = {1976},
	month = {05},
	date = {1976-05-15},
	journal = {Lancet (London, England)},
	pages = {1038--1041},
	volume = {1},
	number = {7968},
	doi = {10.1016/s0140-6736(76)92217-0},
	note = {PMID: 57448},
	langid = {eng}
}

@article{falahatinini2000,
	title = {Relative contributions of testosterone and estrogen in regulating bone resorption and formation in normal elderly men},
	author = {Falahati-Nini, A. and Riggs, B. L. and Atkinson, E. J. and {O'Fallon}, W. M. and Eastell, R. and Khosla, S.},
	year = {2000},
	month = {12},
	date = {2000-12},
	journal = {The Journal of Clinical Investigation},
	pages = {1553--1560},
	volume = {106},
	number = {12},
	doi = {10.1172/JCI10942},
	note = {PMID: 11120762
PMCID: PMC381474},
	langid = {eng}
}

@article{khosla2012,
	title = {Estrogen and the skeleton},
	author = {Khosla, Sundeep and Oursler, Merry Jo and Monroe, David G.},
	year = {2012},
	month = {11},
	date = {2012-11},
	journal = {Trends in endocrinology and metabolism: TEM},
	pages = {576--581},
	volume = {23},
	number = {11},
	doi = {10.1016/j.tem.2012.03.008},
	note = {PMID: 22595550
PMCID: PMC3424385},
	langid = {eng}
}

@article{seriwatanachai2008,
	title = {Prolactin directly enhances bone turnover by raising osteoblast-expressed receptor activator of nuclear factor kappaB ligand/osteoprotegerin ratio},
	author = {Seriwatanachai, Dutmanee and Thongchote, Kanogwun and Charoenphandhu, Narattaphol and Pandaranandaka, Jantarima and Tudpor, Kukiat and Teerapornpuntakit, Jarinthorn and Suthiphongchai, Tuangporn and Krishnamra, Nateetip},
	year = {2008},
	month = {03},
	date = {2008-03},
	journal = {Bone},
	pages = {535--546},
	volume = {42},
	number = {3},
	doi = {10.1016/j.bone.2007.11.008},
	note = {PMID: 18166509},
	langid = {eng}
}

@article{meaney2004,
	title = {Effects of long-term prolactin-raising antipsychotic medication on bone mineral density in patients with schizophrenia},
	author = {Meaney, A. M. and Smith, S. and Howes, O. D. and {O'Brien}, M. and Murray, R. M. and {O'Keane}, V.},
	year = {2004},
	month = {06},
	date = {2004-06},
	journal = {The British Journal of Psychiatry: The Journal of Mental Science},
	pages = {503--508},
	volume = {184},
	doi = {10.1192/bjp.184.6.503},
	note = {PMID: 15172944},
	langid = {eng}
}

@article{meaney2007,
	title = {Bone mineral density changes over a year in young females with schizophrenia: relationship to medication and endocrine variables},
	author = {Meaney, A. M. and {O'Keane}, V.},
	year = {2007},
	month = {07},
	date = {2007-07},
	journal = {Schizophrenia Research},
	pages = {136--143},
	volume = {93},
	number = {1-3},
	doi = {10.1016/j.schres.2007.01.013},
	note = {PMID: 17467954},
	langid = {eng}
}

@article{lally2019,
	title = {Serum Prolactin and Bone Mineral Density in Schizophrenia: A Systematic Review},
	author = {Lally, John and Sahl, Abdullah Bin and Murphy, Kieran C. and Gaughran, Fiona and Stubbs, Brendon},
	year = {2019},
	month = {08},
	date = {2019-08-31},
	journal = {Clinical Psychopharmacology and Neuroscience: The Official Scientific Journal of the Korean College of Neuropsychopharmacology},
	pages = {333--342},
	volume = {17},
	number = {3},
	doi = {10.9758/cpn.2019.17.3.333},
	note = {PMID: 31352700
PMCID: PMC6705095},
	langid = {eng}
}

@article{weinhaus2007,
	title = {Regulation of glucokinase in pancreatic islets by prolactin: a mechanism for increasing glucose-stimulated insulin secretion during pregnancy},
	author = {Weinhaus, Anthony J and Stout, Laurence E and Bhagroo, Nicholas V and Brelje, T Clark and Sorenson, Robert L},
	year = {2007},
	month = {06},
	date = {2007-06},
	journal = {Journal of Endocrinology},
	pages = {367--381},
	volume = {193},
	number = {3},
	doi = {10.1677/JOE-07-0043},
	url = {https://joe.bioscientifica.com/view/journals/joe/193/3/1930367.xml}
}

@article{matthews1985,
	title = {Homeostasis model assessment: insulin resistance and beta-cell function from fasting plasma glucose and insulin concentrations in man},
	author = {Matthews, D. R. and Hosker, J. P. and Rudenski, A. S. and Naylor, B. A. and Treacher, D. F. and Turner, R. C.},
	year = {1985},
	month = {07},
	date = {1985-07},
	journal = {Diabetologia},
	pages = {412--419},
	volume = {28},
	number = {7},
	doi = {10.1007/BF00280883},
	note = {PMID: 3899825},
	langid = {eng}
}

@article{tuzcu2003,
	title = {Insulin sensitivity and hyperprolactinemia},
	author = {Tuzcu, Alparslan and Bahceci, M. and Dursun, M. and Turgut, C. and Bahceci, S.},
	year = {2003},
	month = {04},
	date = {2003-04},
	journal = {Journal of Endocrinological Investigation},
	pages = {341--346},
	volume = {26},
	number = {4},
	doi = {10.1007/BF03345182},
	url = {http://link.springer.com/10.1007/BF03345182},
	langid = {en}
}

@article{oberweis2012,
	title = {Potential role of prolactin in antipsychotic-mediated association of schizophrenia and type 2 diabetes},
	author = {Oberweis, Brandon and Gragnoli, Claudia},
	year = {2012},
	month = {08},
	date = {2012-08},
	journal = {Journal of Cellular Physiology},
	pages = {3001--3006},
	volume = {227},
	number = {8},
	doi = {10.1002/jcp.24023},
	note = {PMID: 22105468},
	langid = {eng}
}

@article{byatt1993,
	title = {Stimulation of food intake and weight gain in mature female rats by bovine prolactin and bovine growth hormone},
	author = {Byatt, J. C. and Staten, N. R. and Salsgiver, W. J. and Kostelc, J. G. and Collier, R. J.},
	year = {1993},
	month = {06},
	date = {1993-06},
	journal = {The American Journal of Physiology},
	pages = {E986--992},
	volume = {264},
	number = {6 Pt 1},
	doi = {10.1152/ajpendo.1993.264.6.E986},
	note = {PMID: 8333524},
	langid = {eng}
}

@article{greenman1998,
	title = {Increased body weight associated with prolactin secreting pituitary adenomas: weight loss with normalization of prolactin levels},
	author = {Greenman, Y. and Tordjman, K. and Stern, N.},
	year = {1998},
	month = {05},
	date = {1998-05},
	journal = {Clinical Endocrinology},
	pages = {547--553},
	volume = {48},
	number = {5},
	doi = {10.1046/j.1365-2265.1998.00403.x},
	note = {PMID: 9666865},
	langid = {eng}
}

@article{haring2014,
	title = {Positive association of serum prolactin concentrations with all-cause and cardiovascular mortality},
	author = {Haring, Robin and Friedrich, Nele and {Völzke}, Henry and Vasan, Ramachandran S. and Felix, Stephan B. and {Dörr}, Marcus and Meyer zu Schwabedissen, Henriette E. and Nauck, Matthias and Wallaschofski, Henri},
	year = {2014},
	month = {05},
	date = {2014-05},
	journal = {European Heart Journal},
	pages = {1215--1221},
	volume = {35},
	number = {18},
	doi = {10.1093/eurheartj/ehs233},
	note = {PMID: 22843444},
	langid = {eng}
}

@article{reuwer2009,
	title = {Prolactin levels and the risk of future coronary artery disease in apparently healthy men and women},
	author = {Reuwer, Anne Q. and Twickler, Marcel ThB and Hutten, Barbara A. and Molema, Frederique W. and Wareham, Nicholas J. and Dallinga-Thie, Geesje M. and Bogorad, Roman L. and Goffin, Vincent and Smink-Bol, Mijke and Kastelein, John J. P. and Boekholdt, S. Matthijs and Khaw, Kay-Tee},
	year = {2009},
	month = {08},
	date = {2009-08},
	journal = {Circulation. Cardiovascular Genetics},
	pages = {389--395},
	volume = {2},
	number = {4},
	doi = {10.1161/CIRCGENETICS.109.853572},
	note = {PMID: 20031611},
	langid = {eng}
}

@article{therkelsen2016,
	title = {Association Between Prolactin and Incidence of Cardiovascular Risk Factors in the Framingham Heart Study},
	author = {Therkelsen, Kate E. and Abraham, Tobin M. and Pedley, Alison and Massaro, Joseph M. and Sutherland, Patrice and Hoffmann, Udo and Fox, Caroline S.},
	year = {2016},
	month = {02},
	date = {2016-02-23},
	journal = {Journal of the American Heart Association},
	pages = {e002640},
	volume = {5},
	number = {2},
	doi = {10.1161/JAHA.115.002640},
	note = {PMID: 26908403
PMCID: PMC4802489},
	langid = {eng}
}

@article{sethi2012,
	title = {Prolactin and cancer: Has the orphan finally found a home?},
	author = {Sethi, Bipin Kumar and Chanukya, G. V. and Nagesh, V. Sri},
	year = {2012},
	month = {12},
	date = {2012-12},
	journal = {Indian Journal of Endocrinology and Metabolism},
	pages = {S195--198},
	volume = {16},
	number = {Suppl 2},
	doi = {10.4103/2230-8210.104038},
	note = {PMID: 23565377
PMCID: PMC3603025},
	langid = {eng}
}

@article{wennbo1997,
	title = {Activation of the prolactin receptor but not the growth hormone receptor is important for induction of mammary tumors in transgenic mice},
	author = {Wennbo, H. and Gebre-Medhin, M. and Gritli-Linde, A. and Ohlsson, C. and Isaksson, O. G. and {Törnell}, J.},
	year = {1997},
	month = {12},
	date = {1997-12-01},
	journal = {The Journal of Clinical Investigation},
	pages = {2744--2751},
	volume = {100},
	number = {11},
	doi = {10.1172/JCI119820},
	note = {PMID: 9389738
PMCID: PMC508478},
	langid = {eng}
}

@article{reynolds1997,
	title = {Expression of prolactin and its receptor in human breast carcinoma},
	author = {Reynolds, C. and Montone, K. T. and Powell, C. M. and Tomaszewski, J. E. and Clevenger, C. V.},
	year = {1997},
	month = {12},
	date = {1997-12},
	journal = {Endocrinology},
	pages = {5555--5560},
	volume = {138},
	number = {12},
	doi = {10.1210/endo.138.12.5605},
	note = {PMID: 9389544},
	langid = {eng}
}

@article{bhatavdekar2000,
	title = {Prolactin as a local growth promoter in patients with breast cancer: GCRI experience},
	author = {Bhatavdekar, J. M. and Patel, D. D. and Shah, N. G. and Vora, H. H. and Suthar, T. P. and Ghosh, N. and Chikhlikar, P. R. and Trivedi, T. I.},
	year = {2000},
	month = {09},
	date = {2000-09},
	journal = {European Journal of Surgical Oncology: The Journal of the European Society of Surgical Oncology and the British Association of Surgical Oncology},
	pages = {540--547},
	volume = {26},
	number = {6},
	doi = {10.1053/ejso.2000.0943},
	note = {PMID: 11034803},
	langid = {eng}
}

@article{wang2016,
	title = {Plasma prolactin and breast cancer risk: a meta- analysis},
	author = {Wang, Minghao and Wu, Xiujuan and Chai, Fan and Zhang, Yi and Jiang, Jun},
	year = {2016},
	month = {05},
	date = {2016-05-17},
	journal = {Scientific Reports},
	pages = {25998},
	volume = {6},
	doi = {10.1038/srep25998},
	note = {PMID: 27184120
PMCID: PMC4869065},
	langid = {eng}
}

@article{froesbrandao2016,
	title = {Prolactin and breast cancer: The need to avoid undertreatment of serious psychiatric illnesses in breast cancer patients: A review: Prolactin and Breast Cancer},
	author = {Froes Brandao, Denise and Strasser-Weippl, Kathrin and Goss, Paul E.},
	year = {2016},
	month = {01},
	date = {2016-01-15},
	journal = {Cancer},
	pages = {184--188},
	volume = {122},
	number = {2},
	doi = {10.1002/cncr.29714},
	url = {https://onlinelibrary.wiley.com/doi/10.1002/cncr.29714},
	langid = {en}
}

@article{szarfman2006,
	title = {Atypical antipsychotics and pituitary tumors: a pharmacovigilance study},
	author = {Szarfman, Ana and Tonning, Joseph M. and Levine, Jonathan G. and Doraiswamy, P. Murali},
	year = {2006},
	month = {06},
	date = {2006-06},
	journal = {Pharmacotherapy},
	pages = {748--758},
	volume = {26},
	number = {6},
	doi = {10.1592/phco.26.6.748},
	note = {PMID: 16716128},
	langid = {eng}
}

@article{gianfrancesco2009,
	title = {Potential bias in testing for hyperprolactinemia and pituitary tumors in risperidone-treated patients: a claims-based study},
	author = {Gianfrancesco, Frank D and Pandina, Gahan and Mahmoud, Ramy and Wu, Jasmanda and Wang, Ruey H},
	year = {2009},
	date = {2009},
	journal = {Annals of General Psychiatry},
	pages = {5},
	volume = {8},
	number = {1},
	doi = {10.1186/1744-859X-8-5},
	url = {http://annals-general-psychiatry.biomedcentral.com/articles/10.1186/1744-859X-8-5},
	langid = {en}
}

@article{ezzat2004,
	title = {The prevalence of pituitary adenomas: a systematic review},
	author = {Ezzat, Shereen and Asa, Sylvia L. and Couldwell, William T. and Barr, Charles E. and Dodge, William E. and Vance, Mary Lee and McCutcheon, Ian E.},
	year = {2004},
	month = {08},
	date = {2004-08-01},
	journal = {Cancer},
	pages = {613--619},
	volume = {101},
	number = {3},
	doi = {10.1002/cncr.20412},
	note = {PMID: 15274075},
	langid = {eng}
}

@article{grigg2017,
	title = {Antipsychotic-induced hyperprolactinemia: synthesis of world-wide guidelines and integrated recommendations for assessment, management and future research},
	author = {Grigg, Jasmin and Worsley, Roisin and Thew, Caroline and Gurvich, Caroline and Thomas, Natalie and Kulkarni, Jayashri},
	year = {2017},
	month = {11},
	date = {2017-11},
	journal = {Psychopharmacology},
	pages = {3279--3297},
	volume = {234},
	number = {22},
	doi = {10.1007/s00213-017-4730-6},
	url = {http://link.springer.com/10.1007/s00213-017-4730-6},
	langid = {en}
}


@article{zheng_adjunctive_2019,
	title = {Adjunctive aripiprazole for antipsychotic-related hyperprolactinaemia in patients with first-episode schizophrenia: a meta-analysis},
	volume = {32},
	issn = {2517-729X},
	shorttitle = {Adjunctive aripiprazole for antipsychotic-related hyperprolactinaemia in patients with first-episode schizophrenia},
	url = {http://gpsych.bmj.com/lookup/doi/10.1136/gpsych-2019-100091},
	doi = {10.1136/gpsych-2019-100091},
	language = {en},
	number = {5},
	urldate = {2022-05-05},
	journal = {General Psychiatry},
	author = {Zheng, Wei and Cai, Dong-Bin and Yang, Xin-Hu and Ungvari, Gabor S and Ng, Chee H and Shi, Zhan-Ming and Hu, Mei-Ling and Ning, Yu-Ping and Xiang, Yu-Tao},
	month = oct,
	year = {2019},
	pages = {e100091},
	file = {Full Text:/Users/anselm/Zotero/storage/ETXFLLJU/Zheng et al. - 2019 - Adjunctive aripiprazole for antipsychotic-related .pdf:application/pdf},
}


@article{zhang2021,
	title = {Efficacy and Safety of Adjunctive Aripiprazole, Metformin, and Paeoniae{\textendash}Glycyrrhiza Decoction for Antipsychotic-Induced Hyperprolactinemia: A Network Meta-Analysis of Randomized Controlled Trials},
	author = {Zhang, Ling and Qi, Han and Xie, Yun-Yi and Zheng, Wei and Liu, Xiao-Hui and Cai, Dong-Bin and Ng, Chee H. and Ungvari, Gabor S. and Xiang, Yu-Tao},
	year = {2021},
	month = {09},
	date = {2021-09-29},
	journal = {Frontiers in Psychiatry},
	pages = {728204},
	volume = {12},
	doi = {10.3389/fpsyt.2021.728204},
	url = {https://www.frontiersin.org/articles/10.3389/fpsyt.2021.728204/full}
}

@article{ajmal2014,
	title = {Psychotropic-induced hyperprolactinemia: a clinical review},
	author = {Ajmal, Adnan and Joffe, Hadine and Nachtigall, Lisa B.},
	year = {2014},
	month = {02},
	date = {2014-02},
	journal = {Psychosomatics},
	pages = {29--36},
	volume = {55},
	number = {1},
	doi = {10.1016/j.psym.2013.08.008},
	note = {PMID: 24140188},
	langid = {eng}
}

@article{doretto2020,
	title = {Polycystic Ovary Syndrome and Psychotic Disorder},
	author = {Doretto, Larissa and Mari, Flora Chaves and Chaves, Ana Cristina},
	year = {2020},
	date = {2020},
	journal = {Frontiers in Psychiatry},
	pages = {543},
	volume = {11},
	doi = {10.3389/fpsyt.2020.00543},
	note = {PMID: 32587538
PMCID: PMC7297942},
	langid = {eng}
}

@article{attia2001,
	title = {Metformin directly inhibits androgen production in human thecal cells},
	author = {Attia, G. R. and Rainey, W. E. and Carr, B. R.},
	year = {2001},
	month = {09},
	date = {2001-09},
	journal = {Fertility and Sterility},
	pages = {517--524},
	volume = {76},
	number = {3},
	doi = {10.1016/s0015-0282(01)01975-6},
	note = {PMID: 11532475},
	langid = {eng}
}

@article{krysiak2016,
	title = {The effect of metformin on prolactin levels in patients with drug-induced hyperprolactinemia},
	author = {Krysiak, Robert and Kowalcze, Karolina and Szkrobka, Witold and Okopien, Boguslaw},
	year = {2016},
	month = {05},
	date = {2016-05},
	journal = {European Journal of Internal Medicine},
	pages = {94--98},
	volume = {30},
	doi = {10.1016/j.ejim.2016.01.015},
	note = {PMID: 26858210},
	langid = {eng}
}

@article{gao2018,
	title = {Metformin inhibits growth and prolactin secretion of pituitary prolactinoma cells and xenografts},
	author = {Gao, Jun and Liu, Yang and Han, Gaijing and Deng, Kan and Liu, Xiaohai and Bao, Xinjie and Feng, Ming and Yao, Yong and Lian, Wei and Xing, Bing and Lv, Xiang and Wang, Renzhi},
	year = {2018},
	month = {12},
	date = {2018-12},
	journal = {Journal of Cellular and Molecular Medicine},
	pages = {6368--6379},
	volume = {22},
	number = {12},
	doi = {10.1111/jcmm.13963},
	url = {https://onlinelibrary.wiley.com/doi/10.1111/jcmm.13963},
	langid = {en}
}

@article{seppalå1976,
	title = {Bromocriptine treatment of secondary amenorrhoea},
	author = {{Seppalå}, M. and Hirvonen, E. and Ranta, T.},
	year = {1976},
	month = {05},
	date = {1976-05-29},
	journal = {Lancet (London, England)},
	pages = {1154--1156},
	volume = {1},
	number = {7970},
	doi = {10.1016/s0140-6736(76)91542-7},
	note = {PMID: 58200},
	langid = {eng}
}

@article{chang2008,
	title = {Cabergoline-induced psychotic exacerbation in schizophrenic patients},
	author = {Chang, Shen-Chieh and Chen, Chun-Hsin and Lu, Mong-Liang},
	year = {2008},
	month = {08},
	date = {2008-08},
	journal = {General Hospital Psychiatry},
	pages = {378--380},
	volume = {30},
	number = {4},
	doi = {10.1016/j.genhosppsych.2007.11.002},
	note = {PMID: 18585544},
	langid = {eng}
}

@article{ozturk2016,
	title = {Faces and Shadows: Cabergoline-Induced Acute Psychosis in a Woman with no Previous Psychiatric History},
	author = {Ozturk, Zeynep},
	year = {2016},
	month = {06},
	date = {2016-06},
	journal = {Klinik Psikofarmakoloji Bülteni-Bulletin of Clinical Psychopharmacology},
	pages = {211--212},
	volume = {26},
	number = {2},
	doi = {10.5455/bcp.20151203010237},
	url = {https://www.tandfonline.com/doi/full/10.5455/bcp.20151203010237},
	langid = {en}
}

@article{yüksel2016,
	title = {Cabergoline-induced manic episode: case report},
	author = {{Yüksel}, Rabia Nazik and Elyas Kaya, Zeynep and Dilbaz, Nesrin and {Cingi Yirün}, Merve},
	year = {2016},
	month = {06},
	date = {2016-06},
	journal = {Therapeutic Advances in Psychopharmacology},
	pages = {229--231},
	volume = {6},
	number = {3},
	doi = {10.1177/2045125315626345},
	note = {PMID: 27354910
PMCID: PMC4910397},
	langid = {eng}
}

@article{barlier2006,
	title = {Quinagolide--a valuable treatment option for hyperprolactinaemia},
	author = {Barlier, Anne and Jaquet, Philippe},
	year = {2006},
	month = {02},
	date = {2006-02},
	journal = {European Journal of Endocrinology},
	pages = {187--195},
	volume = {154},
	number = {2},
	doi = {10.1530/eje.1.02075},
	note = {PMID: 16452531},
	langid = {eng}
}

@article{broekhof2012,
	title = {The effect of aripiprazole and quinagolide, a dopamine agonist, in a patient with symptomatic pituitary prolactinoma and chronic psychosis},
	author = {Broekhof, Rosalie and Gosselink, Manon J. and Pijl, Hanno and Giltay, Erik J.},
	year = {2012},
	month = {04},
	date = {2012-04},
	journal = {General Hospital Psychiatry},
	pages = {209.e1--3},
	volume = {34},
	number = {2},
	doi = {10.1016/j.genhosppsych.2011.07.004},
	note = {PMID: 21872335},
	langid = {eng}
}

@article{aleem2005,
	title = {Hyperprolactinemia affects spermiogenesis in adult male rats},
	author = {Aleem, M. and Choudhari, J. and Padwal, V. and Balasinor, N. and Parte, P. and Gill-Sharma, M. K.},
	year = {2005},
	month = {01},
	date = {2005-01},
	journal = {Journal of Endocrinological Investigation},
	pages = {39--48},
	volume = {28},
	number = {1},
	doi = {10.1007/BF03345528},
	note = {PMID: 15816370},
	langid = {eng}
}

@article{okada1996,
	title = {Hyperprolactinaemia among infertile patients and its effect on sperm functions},
	author = {Okada, H. and Iwamoto, T. and Fujioka, H. and Shirakawa, T. and Tatsumi, N. and Kanzaki, M. and Minayoshi, K. and Ohya, K. and Fujisawa, M. and Arakawa, S. and Kamidono, S. and Ishigami, J.},
	year = {1996},
	month = {08},
	date = {1996-08},
	journal = {Andrologia},
	pages = {197--202},
	volume = {28},
	number = {4},
	doi = {10.1111/j.1439-0272.1996.tb02783.x},
	note = {PMID: 8844112},
	langid = {eng}
}

@article{marques2012,
	title = {Sexual dysfunction in people with prodromal or first-episode psychosis},
	author = {Marques, Tiago Reis and Smith, Shubulade and Bonaccorso, Stefania and Gaughran, Fiona and Kolliakou, Anna and Dazzan, Paola and Mondelli, Valeria and Taylor, Heather and Diforti, Marta and McGuire, Philip K. and Murray, Robin M. and Howes, Oliver D.},
	year = {2012},
	month = {08},
	date = {2012-08},
	journal = {The British Journal of Psychiatry: The Journal of Mental Science},
	pages = {131--136},
	volume = {201},
	doi = {10.1192/bjp.bp.111.101220},
	note = {PMID: 22700081},
	langid = {eng}
}

@article{ciocca2021,
	title = {Sexuality in Ultra-High Risk for Psychosis and First-Episode Psychosis. A Systematic Review of Literature},
	author = {Ciocca, Giacomo and Jannini, Tommaso B. and Ribolsi, Michele and Rossi, Rodolfo and Niolu, Cinzia and Siracusano, Alberto and Jannini, Emmanuele A. and Di Lorenzo, Giorgio},
	year = {2021},
	date = {2021},
	journal = {Frontiers in Psychiatry},
	pages = {750033},
	volume = {12},
	doi = {10.3389/fpsyt.2021.750033},
	note = {PMID: 34777053
PMCID: PMC8579023},
	langid = {eng}
}

@article{benzion2006,
	title = {Polymorphisms in the dopamine D4 receptor gene (DRD4) contribute to individual differences in human sexual behavior: desire, arousal and sexual function},
	author = {Ben Zion, I. Z. and Tessler, R. and Cohen, L. and Lerer, E. and Raz, Y. and Bachner-Melman, R. and Gritsenko, I. and Nemanov, L. and Zohar, A. H. and Belmaker, R. H. and Benjamin, J. and Ebstein, R. P.},
	year = {2006},
	month = {08},
	date = {2006-08},
	journal = {Molecular Psychiatry},
	pages = {782--786},
	volume = {11},
	number = {8},
	doi = {10.1038/sj.mp.4001832},
	note = {PMID: 16619053},
	langid = {eng}
}

@article{eisenberg2007,
	title = {Polymorphisms in the Dopamine D4 and D2 Receptor Genes and Reproductive and Sexual Behaviors},
	author = {Eisenberg, Dan T.A. and Campbell, Benjamin and MacKillop, James and Modi, Meera and Dang, David and Lum, J. Koji and Wilson, David S.},
	year = {2007},
	month = {10},
	date = {2007-10-01},
	journal = {Evolutionary Psychology},
	pages = {147470490700500},
	volume = {5},
	number = {4},
	doi = {10.1177/147470490700500402},
	url = {http://journals.sagepub.com/doi/10.1177/147470490700500402},
	langid = {en}
}

@article{zhang2011,
	title = {Sexual dysfunction in male schizophrenia: influence of antipsychotic drugs, prolactin and polymorphisms of the dopamine D2 receptor genes},
	author = {Zhang, Xiang Rong and Zhang, Zhi Jun and Zhu, Rong Xin and Yuan, Yong Gui and Jenkins, Trisha A. and Reynolds, Gavin P.},
	year = {2011},
	month = {08},
	date = {2011-08},
	journal = {Pharmacogenomics},
	pages = {1127--1136},
	volume = {12},
	number = {8},
	doi = {10.2217/pgs.11.46},
	note = {PMID: 21749219},
	langid = {eng}
}

@article{changasi2014,
	title = {Genetics of antipsychotic drug outcome and implications for the clinician: into the limelight},
	author = {Changasi, Amtul H. and Shams, Tahireh A. and Pouget, Jennie G. and {Müller}, Daniel J.},
	year = {2014},
	month = {01},
	date = {2014-01},
	journal = {Translational Developmental Psychiatry},
	pages = {24663},
	volume = {2},
	number = {1},
	doi = {10.3402/tdp.v2.24663},
	url = {https://www.tandfonline.com/doi/full/10.3402/tdp.v2.24663},
	langid = {en}
}

@article{higgins2010,
	title = {Antidepressant-associated sexual dysfunction: impact, effects, and treatment},
	author = {Higgins, Agnes and Nash, Michael and Lynch, Aileen M.},
	year = {2010},
	date = {2010},
	journal = {Drug, Healthcare and Patient Safety},
	pages = {141--150},
	volume = {2},
	doi = {10.2147/DHPS.S7634},
	note = {PMID: 21701626
PMCID: PMC3108697},
	langid = {eng}
}

@article{elnazer2015,
	title = {Lithium and sexual dysfunction: an under-researched area},
	author = {Elnazer, Hesham Y. and Sampson, Anthony and Baldwin, David},
	year = {2015},
	month = {03},
	date = {2015-03},
	journal = {Human Psychopharmacology},
	pages = {66--69},
	volume = {30},
	number = {2},
	doi = {10.1002/hup.2457},
	note = {PMID: 25619161},
	langid = {eng}
}

@article{grover2021,
	title = {Sexual dysfunction in clinically stable patients with bipolar disorder receiving valproate},
	author = {Grover, Sandeep and Mehdi, Abbas and Kumar, Ajay and Chakrabarti, Subho and Avasthi, Ajit},
	year = {2021},
	date = {2021},
	journal = {Indian Journal of Psychiatry},
	pages = {366},
	volume = {63},
	number = {4},
	doi = {10.4103/psychiatry.IndianJPsychiatry_205_20},
	url = {https://journals.lww.com/indianjpsychiatry/Fulltext/2021/63040/Sexual_dysfunction_in_clinically_stable_patients.7.aspx},
	langid = {en}
}

@article{latorre2013,
	title = {Sexual dysfunction related to psychotropic drugs: a critical review--part I: antidepressants},
	author = {La Torre, A. and Giupponi, G. and Duffy, D. and Conca, A.},
	year = {2013},
	month = {07},
	date = {2013-07},
	journal = {Pharmacopsychiatry},
	pages = {191--199},
	volume = {46},
	number = {5},
	doi = {10.1055/s-0033-1345205},
	note = {PMID: 23737245},
	langid = {eng}
}

@article{latorre2014,
	title = {Sexual dysfunction related to psychotropic drugs: a critical review. Part III: mood stabilizers and anxiolytic drugs},
	author = {La Torre, A. and Giupponi, G. and Duffy, D. M. and Pompili, M. and {Grözinger}, M. and Kapfhammer, H. P. and Conca, A.},
	year = {2014},
	month = {01},
	date = {2014-01},
	journal = {Pharmacopsychiatry},
	pages = {1--6},
	volume = {47},
	number = {1},
	doi = {10.1055/s-0033-1358683},
	note = {PMID: 24222012},
	langid = {eng}
}


@article{la_torre_sexual_2013,
	title = {Sexual dysfunction related to psychotropic drugs: a critical review part {II}: antipsychotics},
	volume = {46},
	issn = {1439-0795},
	shorttitle = {Sexual dysfunction related to psychotropic drugs},
	doi = {10.1055/s-0033-1347177},
	language = {eng},
	number = {6},
	journal = {Pharmacopsychiatry},
	author = {La Torre, A. and Conca, A. and Duffy, D. and Giupponi, G. and Pompili, M. and Grözinger, M.},
	month = sep,
	year = {2013},
	pmid = {23737244},
	keywords = {Humans, Antipsychotic Agents, Synaptic Transmission, Sexual Dysfunctions, Psychological, Sexual Dysfunction, Physiological},
	pages = {201--208},
	file = {Full Text:/Users/anselm/Zotero/storage/GUC249SB/La Torre et al. - 2013 - Sexual dysfunction related to psychotropic drugs .pdf:application/pdf},
}


@article{latorre2015,
	title = {Sexual dysfunction related to drugs: a critical review. Part IV: cardiovascular drugs},
	author = {La Torre, A. and Giupponi, G. and Duffy, D. and Conca, A. and Catanzariti, D.},
	year = {2015},
	month = {01},
	date = {2015-01},
	journal = {Pharmacopsychiatry},
	pages = {1--6},
	volume = {48},
	number = {1},
	doi = {10.1055/s-0034-1395515},
	note = {PMID: 25405774},
	langid = {eng}
}

@article{latorre2016,
	title = {Sexual Dysfunction Related to Drugs: a Critical Review. Part V: α-Blocker and 5-ARI Drugs},
	author = {La Torre, A. and Giupponi, G. and Duffy, D. and Conca, A. and Cai, T. and Scardigli, A.},
	year = {2016},
	month = {01},
	date = {2016-01},
	journal = {Pharmacopsychiatry},
	pages = {3--13},
	volume = {49},
	number = {1},
	doi = {10.1055/s-0035-1565100},
	note = {PMID: 26569417},
	langid = {eng}
}

@article{graf2019,
	title = {Serotonergic, Dopaminergic, and Noradrenergic Modulation of Erotic Stimulus Processing in the Male Human Brain},
	author = {Graf, Heiko and Malejko, Kathrin and Metzger, Coraline Danielle and Walter, Martin and {Grön}, Georg and Abler, Birgit},
	year = {2019},
	month = {03},
	date = {2019-03-14},
	journal = {Journal of Clinical Medicine},
	pages = {E363},
	volume = {8},
	number = {3},
	doi = {10.3390/jcm8030363},
	note = {PMID: 30875818
PMCID: PMC6463265},
	langid = {eng}
}

@article{tennent1974,
	title = {The control of deviant sexual behavior by drugs: A double-blind controlled study of benperidol, chlorpromazine, and placebo},
	author = {Tennent, Gavin and Bancroft, John and Cass, James},
	year = {1974},
	month = {05},
	date = {1974-05},
	journal = {Archives of Sexual Behavior},
	pages = {261--271},
	volume = {3},
	number = {3},
	doi = {10.1007/BF01541489},
	url = {http://link.springer.com/10.1007/BF01541489},
	langid = {en}
}

@article{bartholomew1968,
	title = {A Long-Acting Phenothiazine as a Possible Agent to Control Deviant Sexual Behavior},
	author = {Bartholomew, A. A.},
	year = {1968},
	month = {01},
	date = {1968-01},
	journal = {American Journal of Psychiatry},
	pages = {917--923},
	volume = {124},
	number = {7},
	doi = {10.1176/ajp.124.7.917},
	url = {http://psychiatryonline.org/doi/abs/10.1176/ajp.124.7.917},
	langid = {en}
}

@article{traish2000,
	title = {Role of alpha adrenergic receptors in erectile function},
	author = {Traish, A. and Kim, N. N. and Moreland, R. B. and Goldstein, I.},
	year = {2000},
	month = {03},
	date = {2000-03},
	journal = {International Journal of Impotence Research},
	pages = {S48--63},
	volume = {12 Suppl 1},
	note = {PMID: 10845765},
	langid = {eng}
}

@article{montejo2021,
	title = {Management Strategies for Antipsychotic-Related Sexual Dysfunction: A Clinical Approach},
	author = {Montejo, Angel L. and {de Alarcón}, {Rubén} and Prieto, Nieves and Acosta, {José Mª} and Buch, {Bárbara} and Montejo, Laura},
	year = {2021},
	month = {01},
	date = {2021-01-15},
	journal = {Journal of Clinical Medicine},
	pages = {308},
	volume = {10},
	number = {2},
	doi = {10.3390/jcm10020308},
	note = {PMID: 33467621
PMCID: PMC7829881},
	langid = {eng}
}

@article{clayton2016,
	title = {Sexual Dysfunction Due to Psychotropic Medications},
	author = {Clayton, Anita H. and Alkis, Andrew R. and Parikh, Nishant B. and Votta, Jennifer G.},
	year = {2016},
	month = {09},
	date = {2016-09},
	journal = {The Psychiatric Clinics of North America},
	pages = {427--463},
	volume = {39},
	number = {3},
	doi = {10.1016/j.psc.2016.04.006},
	note = {PMID: 27514298},
	langid = {eng}
}

@article{raghuthaman2015,
	title = {Adjunctive aripiprazole in risperidone-induced hyperprolactinaemia: double-blind, randomised, placebo-controlled trial},
	author = {Raghuthaman, G. and Venkateswaran, R. and Krishnadas, R.},
	year = {2015},
	month = {10},
	date = {2015-10},
	journal = {BJPsych open},
	pages = {172--177},
	volume = {1},
	number = {2},
	doi = {10.1192/bjpo.bp.115.001248},
	note = {PMID: 27703744
PMCID: PMC4998932},
	langid = {eng}
}

@article{kelly2018,
	title = {Adjunct Aripiprazole Reduces Prolactin and Prolactin-Related Adverse Effects in Premenopausal Women With Psychosis: Results From the DAAMSEL Clinical Trial},
	author = {Kelly, Deanna L. and Powell, Megan M. and Wehring, Heidi J. and Sayer, MacKenzie A. and Kearns, Ann Marie and Hackman, Ann L. and Buchanan, Robert W. and Nichols, Rebecca B. and Adams, Heather A. and Richardson, Charles M. and Vyas, Gopal and McMahon, Robert P. and Earl, Amber K. and Sullivan, Kelli M. and Liu, Fang and Luttrell, Sarah E. and Dickerson, Faith B. and Feldman, Stephanie M. and Narang, Supriya and Koola, Maju M. and Buckley, Peter F. and RachBeisel, Jill A. and McEvoy, Joseph P.},
	year = {2018},
	month = {08},
	date = {2018-08},
	journal = {Journal of Clinical Psychopharmacology},
	pages = {317--326},
	volume = {38},
	number = {4},
	doi = {10.1097/JCP.0000000000000898},
	note = {PMID: 29912799
PMCID: PMC6103648},
	langid = {eng}
}

@article{chen2010,
	title = {Differential add-on effects of aripiprazole in resolving hyperprolactinemia induced by risperidone in comparison to benzamide antipsychotics},
	author = {Chen, Chih-Ken and Huang, Yu-Shu and Ree, Shao-Chun and Hsiao, Cheng-Cheng},
	year = {2010},
	month = {12},
	date = {2010-12-01},
	journal = {Progress in Neuro-Psychopharmacology & Biological Psychiatry},
	pages = {1495--1499},
	volume = {34},
	number = {8},
	doi = {10.1016/j.pnpbp.2010.08.012},
	note = {PMID: 20732372},
	langid = {eng}
}

@article{valevski1998,
	title = {Effect of amantadine on sexual dysfunction in neuroleptic-treated male schizophrenic patients},
	author = {Valevski, A. and Modai, I. and Zbarski, E. and Zemishlany, Z. and Weizman, A.},
	year = {1998},
	month = {12},
	date = {1998-12},
	journal = {Clinical Neuropharmacology},
	pages = {355--357},
	volume = {21},
	number = {6},
	note = {PMID: 9844793},
	langid = {eng}
}

@article{krzystanek2021,
	title = {Amantadine in the Treatment of Sexual Inactivity in Schizophrenia Patients Taking Atypical Antipsychotics{\textemdash}The Pilot Case Series Study},
	author = {Krzystanek, Marek and Warchala, Anna and {Tr{\k{e}}dzbor}, Beata and Martyniak, Ewa and {Ska{\l}acka}, Katarzyna and {Pa{\l}asz}, Artur},
	year = {2021},
	month = {09},
	date = {2021-09-22},
	journal = {Pharmaceuticals},
	pages = {947},
	volume = {14},
	number = {10},
	doi = {10.3390/ph14100947},
	url = {https://www.mdpi.com/1424-8247/14/10/947},
	langid = {en}
}

@article{ishitobi2011,
	title = {Adjunctive Treatment With Low-Dosage Pramipexole for Risperidone-Associated Hyperprolactinemia and Sexual Dysfunction in a Male Patient With Schizophrenia},
	author = {Ishitobi, Makoto and Kosaka, Hirotaka and Shukunami, Ken-ichi and Murata, Tetsuhito and Wada, Yuji},
	year = {2011},
	month = {04},
	date = {2011-04},
	journal = {Journal of Clinical Psychopharmacology},
	pages = {243--245},
	volume = {31},
	number = {2},
	doi = {10.1097/JCP.0b013e31820f4fbd},
	url = {https://journals.lww.com/00004714-201104000-00022},
	langid = {en}
}

@article{gopalakrishnan2006,
	title = {Sildenafil in the treatment of antipsychotic-induced erectile dysfunction: a randomized, double-blind, placebo-controlled, flexible-dose, two-way crossover trial},
	author = {Gopalakrishnan, Rajesh and Jacob, K. S. and Kuruvilla, Anju and Vasantharaj, B. and John, Jacob K.},
	year = {2006},
	month = {03},
	date = {2006-03},
	journal = {The American Journal of Psychiatry},
	pages = {494--499},
	volume = {163},
	number = {3},
	doi = {10.1176/appi.ajp.163.3.494},
	note = {PMID: 16513872},
	langid = {eng}
}

@article{deboer2014,
	title = {Efficacy of Tadalafil on Erectile Dysfunction in Male Patients Using Antipsychotics: A Double-Blind, Placebo-Controlled, Crossover Pilot Study},
	author = {de Boer, Marrit K. and Oolders, Johannes M. and van den Heuvel, Edwin R. and Wiersma, Durk and Schoevers, Robert A. and Knegtering, Henderikus},
	year = {2014},
	month = {06},
	date = {2014-06},
	journal = {Journal of Clinical Psychopharmacology},
	pages = {380--382},
	volume = {34},
	number = {3},
	doi = {10.1097/JCP.0000000000000113},
	url = {https://journals.lww.com/00004714-201406000-00021},
	langid = {en}
}

@article{mitsonis2008,
	title = {Vardenafil in the treatment of erectile dysfunction in outpatients with chronic schizophrenia: a flexible-dose, open-label study},
	author = {Mitsonis, Charalampos I. and Mitropoulos, Panagiotis A. and Dimopoulos, Nikolaos P. and Kararizou, Evangelia G. and Psarra, Vasiliki V. and Tsakiris, Fivos E. and Katsanou, Maria-Nefeli E.},
	year = {2008},
	month = {02},
	date = {2008-02},
	journal = {The Journal of Clinical Psychiatry},
	pages = {206--212},
	volume = {69},
	number = {2},
	doi = {10.4088/jcp.v69n0206},
	note = {PMID: 18348599},
	langid = {eng}
}

@article{nunes2013,
	title = {Adjunctive Treatment with Lodenafil Carbonate for Erectile Dysfunction in Outpatients with Schizophrenia and Spectrum: A Randomized, Double{-}Blind, Crossover, Placebo{-}Controlled Trial},
	author = {Nunes, Luciana Vargas Alves and Lacaz, Fernando Sargo and Bressan, Rodrigo Affonseca and Nunes, Sandra Odebrecht Vargas Alves and Mari, Jair de Jesus},
	year = {2013},
	month = {04},
	date = {2013-04},
	journal = {The Journal of Sexual Medicine},
	pages = {1136--1145},
	volume = {10},
	number = {4},
	doi = {10.1111/jsm.12040},
	url = {https://linkinghub.elsevier.com/retrieve/pii/S1743609515303234},
	langid = {en}
}

@article{tsakiris2008,
	title = {Drug-induced urinary incontinence},
	author = {Tsakiris, Peter and Oelke, Matthias and Michel, Martin C.},
	year = {2008},
	date = {2008},
	journal = {Drugs & Aging},
	pages = {541--549},
	volume = {25},
	number = {7},
	doi = {10.2165/00002512-200825070-00001},
	note = {PMID: 18582143},
	langid = {eng}
}

@article{fowler2008,
	title = {The neural control of micturition},
	author = {Fowler, Clare J. and Griffiths, Derek and de Groat, William C.},
	year = {2008},
	month = {06},
	date = {2008-06},
	journal = {Nature Reviews. Neuroscience},
	pages = {453--466},
	volume = {9},
	number = {6},
	doi = {10.1038/nrn2401},
	note = {PMID: 18490916
PMCID: PMC2897743},
	langid = {eng}
}

@article{lin1999,
	title = {A retrospective study of clozapine and urinary incontinence in Chinese in-patients},
	author = {Lin, C. C. and Bai, Y. M. and Chen, J. Y. and Lin, C. Y. and Lan, T. H.},
	year = {1999},
	month = {08},
	date = {1999-08},
	journal = {Acta Psychiatrica Scandinavica},
	pages = {158--161},
	volume = {100},
	number = {2},
	doi = {10.1111/j.1600-0447.1999.tb10837.x},
	note = {PMID: 10480202},
	langid = {eng}
}

@article{harrisonwoolrych2011,
	title = {Nocturnal enuresis in patients taking clozapine, risperidone, olanzapine and quetiapine: comparative cohort study},
	author = {Harrison-Woolrych, Mira and Skegg, Keren and Ashton, Janelle and Herbison, Peter and Skegg, David C. G.},
	year = {2011},
	month = {08},
	date = {2011-08},
	journal = {The British Journal of Psychiatry: The Journal of Mental Science},
	pages = {140--144},
	volume = {199},
	number = {2},
	doi = {10.1192/bjp.bp.110.087478},
	note = {PMID: 21653944},
	langid = {eng}
}

@article{arasteh2021,
	title = {An association between incontinence and antipsychotic drugs: A systematic review},
	author = {Arasteh, Amin and Mostafavi, Soroush and Zununi Vahed, Sepideh and Mostafavi Montazeri, Seyede Saba},
	year = {2021},
	month = {10},
	date = {2021-10},
	journal = {Biomedicine & Pharmacotherapy},
	pages = {112027},
	volume = {142},
	doi = {10.1016/j.biopha.2021.112027},
	url = {https://linkinghub.elsevier.com/retrieve/pii/S0753332221008106},
	langid = {en}
}

@article{sinha2016,
	title = {An exploratory study for bladder dysfunction in atypical antipsychotic-emergent urinary incontinence},
	author = {Sinha, Preeti and Gupta, Anupam and Reddi, V. Senthil Kumar and Andrade, Chittaranjan},
	year = {2016},
	month = {12},
	date = {2016-12},
	journal = {Indian Journal of Psychiatry},
	pages = {438--442},
	volume = {58},
	number = {4},
	doi = {10.4103/0019-5545.196719},
	note = {PMID: 28197002
PMCID: PMC5270270},
	langid = {eng}
}

@article{vera2001,
	title = {Clozapine inhibits micturition parameters and the external urethral sphincter during cystometry in anesthetized rats},
	author = {Vera, P. L. and Nadelhaft, I.},
	year = {2001},
	month = {05},
	date = {2001-05-18},
	journal = {Brain Research},
	pages = {219--229},
	volume = {901},
	number = {1-2},
	doi = {10.1016/s0006-8993(01)02352-6},
	note = {PMID: 11368970},
	langid = {eng}
}


@article{vera_effects_2001,
	title = {Effects of two atypical neuroleptics, olanzapine and risperidone, on the function of the urinary bladder and the external urethral sphincter in anesthetized rats},
	volume = {1},
	issn = {1471-2210},
	doi = {10.1186/1471-2210-1-4},
	language = {eng},
	journal = {BMC pharmacology},
	author = {Vera, P. L. and Miranda-Sousa, A. and Nadelhaft, I.},
	year = {2001},
	pmid = {11580866},
	pmcid = {PMC57001},
	keywords = {Animals, Antipsychotic Agents, Benzodiazepines, Blood Pressure, Female, Muscle Contraction, Olanzapine, Pirenzepine, Rats, Rats, Sprague-Dawley, Risperidone, Urethra, Urinary Bladder},
	pages = {4},
	file = {Full Text:/Users/anselm/Zotero/storage/Y6B7YAAU/Vera et al. - 2001 - Effects of two atypical neuroleptics, olanzapine a.pdf:application/pdf},
}


@article{barnes2012,
	title = {Nocturnal enuresis with antipsychotic medication},
	author = {Barnes, Thomas R. E. and Drake, Marcus J. and Paton, Carol},
	year = {2012},
	month = {01},
	date = {2012-01},
	journal = {British Journal of Psychiatry},
	pages = {7--9},
	volume = {200},
	number = {1},
	doi = {10.1192/bjp.bp.111.095737},
	url = {https://www.cambridge.org/core/product/identifier/S0007125000257140/type/journal_article},
	langid = {en}
}

@article{winkler2021,
	title = {Urological adverse drug reactions of psychotropic medication in psychiatric inpatients {\textendash} A drug surveillance report from German-speaking countries},
	author = {Winkler, Dietmar and Grohmann, Renate and Friedrich, Michaela-Elena and Toto, Sermin and Bleich, Stefan and Seifert, Johanna and Konstantinidis, Anastasios and Shariat, Shahrokh F. and Kasper, Siegfried and Pjrek, Edda},
	year = {2021},
	month = {12},
	date = {2021-12},
	journal = {Journal of Psychiatric Research},
	pages = {412--420},
	volume = {144},
	doi = {10.1016/j.jpsychires.2021.10.026},
	url = {https://linkinghub.elsevier.com/retrieve/pii/S0022395621006233},
	langid = {en}
}

@article{frankenburg1996,
	title = {Bladder dysfunction associated with clozapine therapy},
	author = {Frankenburg, F. R. and Kando, J. C. and Centorrino, F. and Gilbert, J. M.},
	year = {1996},
	month = {01},
	date = {1996-01},
	journal = {The Journal of Clinical Psychiatry},
	pages = {39--40},
	volume = {57},
	number = {1},
	note = {PMID: 8543547},
	langid = {eng}
}

@article{lee2010,
	title = {Use of aripiprazole in clozapine induced enuresis: report of two cases},
	author = {Lee, Myung-Ji and Kim, Chul-Eung},
	year = {2010},
	month = {02},
	date = {2010-02},
	journal = {Journal of Korean Medical Science},
	pages = {333--335},
	volume = {25},
	number = {2},
	doi = {10.3346/jkms.2010.25.2.333},
	note = {PMID: 20119596
PMCID: PMC2811310},
	langid = {eng}
}

@article{palaniappan2015,
	title = {Aripiprazole as a treatment option for clozapine-induced enuresis},
	author = {Palaniappan, Pradeep},
	year = {2015},
	month = {10},
	date = {2015-10},
	journal = {Indian Journal of Pharmacology},
	pages = {574--575},
	volume = {47},
	number = {5},
	doi = {10.4103/0253-7613.165176},
	note = {PMID: 26600658
PMCID: PMC4621690},
	langid = {eng}
}

@article{lurie1997,
	title = {Oxybutynin and intranasal desmopressin for clozapine-induced urinary incontinence},
	author = {Lurie, S. N. and Hosmer, C.},
	year = {1997},
	month = {09},
	date = {1997-09},
	journal = {The Journal of Clinical Psychiatry},
	pages = {404},
	volume = {58},
	number = {9},
	doi = {10.4088/jcp.v58n0906c},
	note = {PMID: 9378693},
	langid = {eng}
}

@article{steingard1994,
	title = {Use of desmopressin to treat clozapine-induced nocturnal enuresis},
	author = {Steingard, S.},
	year = {1994},
	month = {07},
	date = {1994-07},
	journal = {The Journal of Clinical Psychiatry},
	pages = {315--316},
	volume = {55},
	number = {7},
	note = {PMID: 8071296},
	langid = {eng}
}

@article{luche2020,
	title = {Clozapine-Induced Enuresis: An Underrecognized and Undertreated Problem},
	author = {Luche, Nicole and Francois, Dimitry},
	year = {2020},
	month = {05},
	date = {2020-05-14},
	journal = {The primary care companion for CNS disorders},
	pages = {19l02530},
	volume = {22},
	number = {3},
	doi = {10.4088/PCC.19l02530},
	note = {PMID: 32408400},
	langid = {eng}
}

@article{trinchieri2021,
	title = {Urinary side effects of psychotropic drugs: A systematic review and metanalysis},
	author = {Trinchieri, Margherita and Perletti, Gianpaolo and Magri, Vittorio and Stamatiou, Konstantinos and Montanari, Emanuele and Trinchieri, Alberto},
	year = {2021},
	month = {08},
	date = {2021-08},
	journal = {Neurourology and Urodynamics},
	pages = {1333--1348},
	volume = {40},
	number = {6},
	doi = {10.1002/nau.24695},
	note = {PMID: 34004020},
	langid = {eng}
}

@article{cohen2007,
	title = {Olanzapine and acute urinary retention in two geriatric patients},
	author = {Cohen, Randi and Wilkins, Kirsten M. and Ostroff, Robert and Tampi, Rajesh R.},
	year = {2007},
	month = {09},
	date = {2007-09},
	journal = {The American Journal of Geriatric Pharmacotherapy},
	pages = {241--246},
	volume = {5},
	number = {3},
	doi = {10.1016/j.amjopharm.2007.09.003},
	note = {PMID: 17996664},
	langid = {eng}
}

@article{mirzakhani2020,
	title = {Expanding our Understanding of Atypical Antipsychotics: Acute Urinary Retention Secondary to Olanzapine},
	author = {Mirzakhani, Hannah and Rahim, Mariam and Mathew, Jacob},
	year = {2020},
	date = {2020},
	journal = {Case Reports in Psychiatry},
	pages = {6157548},
	volume = {2020},
	doi = {10.1155/2020/6157548},
	note = {PMID: 32963870
PMCID: PMC7499334},
	langid = {eng}
}

@article{jiang2017,
	title = {A Retrospective Cohort Study of Acute Kidney Injury Risk Associated with Antipsychotics},
	author = {Jiang, Yawen and McCombs, Jeffrey S. and Park, Susie H.},
	year = {2017},
	month = {04},
	date = {2017-04},
	journal = {CNS drugs},
	pages = {319--326},
	volume = {31},
	number = {4},
	doi = {10.1007/s40263-017-0421-4},
	note = {PMID: 28290080},
	langid = {eng}
}

@article{truzzi2008,
	title = {Residual urinary volume and urinary tract infection--when are they linked?},
	author = {Truzzi, {José Carlos I.} and Almeida, {Flávio Mistreta R.} and Nunes, Eduardo Capati and Sadi, Marcus V.},
	year = {2008},
	month = {07},
	date = {2008-07},
	journal = {The Journal of Urology},
	pages = {182--185},
	volume = {180},
	number = {1},
	doi = {10.1016/j.juro.2008.03.044},
	note = {PMID: 18499191},
	langid = {eng}
}

@article{schneider2006,
	title = {Efficacy and adverse effects of atypical antipsychotics for dementia: meta-analysis of randomized, placebo-controlled trials},
	author = {Schneider, Lon S. and Dagerman, Karen and Insel, Philip S.},
	year = {2006},
	month = {03},
	date = {2006-03},
	journal = {The American Journal of Geriatric Psychiatry: Official Journal of the American Association for Geriatric Psychiatry},
	pages = {191--210},
	volume = {14},
	number = {3},
	doi = {10.1097/01.JGP.0000200589.01396.6d},
	note = {PMID: 16505124},
	langid = {eng}
}
