
@article{rahimi2009,
	title = {Efficacy of tricyclic antidepressants in irritable bowel syndrome: a meta-analysis},
	author = {Rahimi, Roja and Nikfar, Shekoufeh and Rezaie, Ali and Abdollahi, Mohammad},
	year = {2009},
	month = {04},
	date = {2009-04-07},
	journal = {World Journal of Gastroenterology},
	pages = {1548--1553},
	volume = {15},
	number = {13},
	doi = {10.3748/wjg.15.1548},
	note = {PMID: 19340896
PMCID: PMC2669938},
	langid = {eng}
}

@article{iversen2018,
	title = {Side effect burden of antipsychotic drugs in real life - Impact of gender and polypharmacy},
	author = {Iversen, Trude Seselie Jahr and Steen, Nils Eiel and Dieset, Ingrid and Hope, Sigrun and {Mørch}, Ragni and Gardsjord, Erlend Strand and {Jørgensen}, {Kjetil Nordbø} and Melle, Ingrid and Andreassen, Ole A. and Molden, Espen and {Jönsson}, Erik G.},
	year = {2018},
	month = {03},
	date = {2018-03-02},
	journal = {Progress in Neuro-Psychopharmacology & Biological Psychiatry},
	pages = {263--271},
	volume = {82},
	doi = {10.1016/j.pnpbp.2017.11.004},
	note = {PMID: 29122637},
	langid = {eng}
}

@article{kaar2019,
	title = {Making decisions about antipsychotics: a qualitative study of patient experience and the development of a decision aid},
	author = {Kaar, S. J. and Gobjila, C. and Butler, E. and Henderson, C. and Howes, O. D.},
	year = {2019},
	month = {10},
	date = {2019-10-23},
	journal = {BMC psychiatry},
	pages = {309},
	volume = {19},
	number = {1},
	doi = {10.1186/s12888-019-2304-3},
	note = {PMID: 31646985
PMCID: PMC6806500},
	langid = {eng}
}

@article{morant2018,
	title = {The least worst option: user experiences of antipsychotic medication and lack of involvement in medication decisions in a UK community sample},
	author = {Morant, Nicola and Azam, Kiran and Johnson, Sonia and Moncrieff, Joanna},
	year = {2018},
	month = {08},
	date = {2018-08},
	journal = {Journal of Mental Health (Abingdon, England)},
	pages = {322--328},
	volume = {27},
	number = {4},
	doi = {10.1080/09638237.2017.1370637},
	note = {PMID: 28857636},
	langid = {eng}
}

@article{hellewell2002,
	title = {Patients' subjective experiences of antipsychotics: clinical relevance},
	author = {Hellewell, Jonathan S. E.},
	year = {2002},
	date = {2002},
	journal = {CNS drugs},
	pages = {457--471},
	volume = {16},
	number = {7},
	doi = {10.2165/00023210-200216070-00003},
	note = {PMID: 12056921},
	langid = {eng}
}

@article{bell2007,
	title = {Are self-reports valid for schizophrenia patients with poor insight? Relationship of unawareness of illness to psychological self-report instruments},
	author = {Bell, Morris and Fiszdon, Joanna and Richardson, Randall and Lysaker, Paul and Bryson, Gary},
	year = {2007},
	month = {05},
	date = {2007-05},
	journal = {Psychiatry Research},
	pages = {37--46},
	volume = {151},
	number = {1-2},
	doi = {10.1016/j.psychres.2006.04.012},
	url = {https://linkinghub.elsevier.com/retrieve/pii/S0165178106001119},
	langid = {en}
}

@article{goldberg2002,
	title = {Reliable Self-Report of Health Service Use by Individuals With Serious Mental Illness},
	author = {Goldberg, Richard W. and Seybolt, Diana C. and Lehman, Anthony},
	year = {2002},
	month = {07},
	date = {2002-07},
	journal = {Psychiatric Services},
	pages = {879--881},
	volume = {53},
	number = {7},
	doi = {10.1176/appi.ps.53.7.879},
	url = {http://psychiatryonline.org/doi/abs/10.1176/appi.ps.53.7.879},
	langid = {en}
}

@article{moncrieff2009,
	title = {The subjective experience of taking antipsychotic medication: a content analysis of Internet data},
	author = {Moncrieff, J. and Cohen, D. and Mason, J. P.},
	year = {2009},
	month = {08},
	date = {2009-08},
	journal = {Acta Psychiatrica Scandinavica},
	pages = {102--111},
	volume = {120},
	number = {2},
	doi = {10.1111/j.1600-0447.2009.01356.x},
	note = {PMID: 19222405},
	langid = {eng}
}

@article{read2020,
	title = {Using Open Questions to Understand 650 People's Experiences With Antipsychotic Drugs},
	author = {Read, John and Sacia, Ann},
	year = {2020},
	month = {07},
	date = {2020-07-08},
	journal = {Schizophrenia Bulletin},
	pages = {896--904},
	volume = {46},
	number = {4},
	doi = {10.1093/schbul/sbaa002},
	note = {PMID: 32047917
PMCID: PMC7345822},
	langid = {eng}
}

@article{lewander1994,
	title = {Neuroleptics and the neuroleptic-induced deficit syndrome},
	author = {Lewander, T.},
	year = {1994},
	month = {05},
	date = {1994-05},
	journal = {Acta Psychiatrica Scandinavica},
	pages = {8--13},
	volume = {89},
	number = {s380},
	doi = {10.1111/j.1600-0447.1994.tb05825.x},
	url = {https://onlinelibrary.wiley.com/doi/10.1111/j.1600-0447.1994.tb05825.x},
	langid = {en}
}

@article{voruganti2004,
	title = {Neuroleptic dysphoria: towards a new synthesis},
	author = {Voruganti, L. and Awad, A. G.},
	year = {2004},
	month = {01},
	date = {2004-01},
	journal = {Psychopharmacology},
	pages = {121--132},
	volume = {171},
	number = {2},
	doi = {10.1007/s00213-003-1648-y},
	note = {PMID: 14647964},
	langid = {eng}
}

@article{wu2015,
	title = {Antipsychotic medication-induced dysphoria: its meaning, association with typical vs. atypical medications and impact on adherence},
	author = {Wu, Hanjing Emily and Okusaga, Olaoluwa O.},
	year = {2015},
	month = {06},
	date = {2015-06},
	journal = {The Psychiatric Quarterly},
	pages = {199--205},
	volume = {86},
	number = {2},
	doi = {10.1007/s11126-014-9319-1},
	note = {PMID: 25164199},
	langid = {eng}
}

@article{margolese2002,
	title = {Depression and dysphoria in adult and adolescent patients with Tourette's disorder treated with risperidone},
	author = {Margolese, Howard C. and Annable, Lawrence and Dion, Yves},
	year = {2002},
	month = {11},
	date = {2002-11},
	journal = {The Journal of Clinical Psychiatry},
	pages = {1040--1044},
	volume = {63},
	number = {11},
	doi = {10.4088/jcp.v63n1115},
	note = {PMID: 12444819},
	langid = {eng}
}

@article{weiden1989,
	title = {Is neuroleptic dysphoria a healthy response?},
	author = {Weiden, P. J. and Mann, J. J. and Dixon, L. and Haas, G. and DeChillo, N. and Frances, A. J.},
	year = {1989},
	month = {12},
	date = {1989-12},
	journal = {Comprehensive Psychiatry},
	pages = {546--552},
	volume = {30},
	number = {6},
	doi = {10.1016/0010-440x(89)90085-0},
	note = {PMID: 2573481},
	langid = {eng}
}

@article{vanputten1981,
	title = {Subjective response to antipsychotic drugs},
	author = {Van Putten, T. and May, P. R. and Marder, S. R. and Wittmann, L. A.},
	year = {1981},
	month = {02},
	date = {1981-02},
	journal = {Archives of General Psychiatry},
	pages = {187--190},
	volume = {38},
	number = {2},
	doi = {10.1001/archpsyc.1981.01780270073010},
	note = {PMID: 7212946},
	langid = {eng}
}

@article{voruganti2002,
	title = {Personal evaluation of transitions in treatment (PETiT):a scale to measure subjective aspects of antipsychotic drug therapy in schizophrenia},
	author = {Voruganti, Lakshmi N. P. and Awad, A. George},
	year = {2002},
	month = {07},
	date = {2002-07-01},
	journal = {Schizophrenia Research},
	pages = {37--46},
	volume = {56},
	number = {1-2},
	doi = {10.1016/s0920-9964(01)00161-x},
	note = {PMID: 12084418},
	langid = {eng}
}

@article{awad1996,
	title = {Assessment of the patient's subjective experience in acute neuroleptic treatment: implications for compliance and outcome},
	author = {Awad, A. G. and Voruganti, L. N. and Heslegrave, R. J. and Hogan, T. P.},
	year = {1996},
	month = {05},
	date = {1996-05},
	journal = {International Clinical Psychopharmacology},
	pages = {55--59},
	volume = {11 Suppl 2},
	doi = {10.1097/00004850-199605002-00009},
	note = {PMID: 8803661},
	langid = {eng}
}

@article{dolder2002,
	title = {Antipsychotic medication adherence: is there a difference between typical and atypical agents?},
	author = {Dolder, Christian R. and Lacro, Jonathan P. and Dunn, Laura B. and Jeste, Dilip V.},
	year = {2002},
	month = {01},
	date = {2002-01},
	journal = {The American Journal of Psychiatry},
	pages = {103--108},
	volume = {159},
	number = {1},
	doi = {10.1176/appi.ajp.159.1.103},
	note = {PMID: 11772697},
	langid = {eng}
}

@article{hale1995,
	title = {Atypical antipsychotic and compliance in schizophrenia},
	author = {Hale, Anthony S.},
	year = {1995},
	month = {01},
	date = {1995-01},
	journal = {Nordic Journal of Psychiatry},
	pages = {31--39},
	volume = {49},
	number = {sup35},
	doi = {10.3109/08039489509099718},
	url = {http://www.tandfonline.com/doi/full/10.3109/08039489509099718},
	langid = {en}
}

@article{aschersvanum2006,
	title = {A Prospective Study of Risk Factors for Nonadherence With Antipsychotic Medication in the Treatment of Schizophrenia},
	author = {Ascher-Svanum, Haya and Zhu, Baojin and Faries, Douglas and Lacro, Jonathan P. and Dolde, Christian R.},
	year = {2006},
	month = {07},
	date = {2006-07-15},
	journal = {The Journal of Clinical Psychiatry},
	pages = {1114--1123},
	volume = {67},
	number = {07},
	doi = {10.4088/JCP.v67n0715},
	url = {http://article.psychiatrist.com/?ContentType=START&ID=10002615}
}

@article{lacro2002,
	title = {Prevalence of and risk factors for medication nonadherence in patients with schizophrenia: a comprehensive review of recent literature},
	author = {Lacro, Jonathan P. and Dunn, Laura B. and Dolder, Christian R. and Leckband, Susan G. and Jeste, Dilip V.},
	year = {2002},
	month = {10},
	date = {2002-10},
	journal = {The Journal of Clinical Psychiatry},
	pages = {892--909},
	volume = {63},
	number = {10},
	doi = {10.4088/jcp.v63n1007},
	note = {PMID: 12416599},
	langid = {eng}
}

@article{larsen1996,
	title = {Subjective experience of treatment, side-effects, mental state and quality of life in chronic schizophrenic out-patients treated with depot neuroleptics},
	author = {Larsen, E. B. and Gerlach, J.},
	year = {1996},
	month = {05},
	date = {1996-05},
	journal = {Acta Psychiatrica Scandinavica},
	pages = {381--388},
	volume = {93},
	number = {5},
	doi = {10.1111/j.1600-0447.1996.tb10664.x},
	url = {https://onlinelibrary.wiley.com/doi/10.1111/j.1600-0447.1996.tb10664.x},
	langid = {en}
}

@article{karamatskos2012,
	title = {Subjective well-being of patients with schizophrenia as a target of drug treatment},
	author = {Karamatskos, E. and Mulert, C. and Lambert, M. and Naber, D.},
	year = {2012},
	month = {06},
	date = {2012-06},
	journal = {Current Pharmaceutical Biotechnology},
	pages = {1490--1499},
	volume = {13},
	number = {8},
	doi = {10.2174/138920112800784862},
	note = {PMID: 22283757},
	langid = {eng}
}

@article{king1995,
	title = {Antipsychotic Drug-Induced Dysphoria},
	author = {King, D. J. and Burke, M. and Lucas, R. A.},
	year = {1995},
	month = {10},
	date = {1995-10},
	journal = {British Journal of Psychiatry},
	pages = {480--482},
	volume = {167},
	number = {4},
	doi = {10.1192/bjp.167.4.480},
	url = {https://www.cambridge.org/core/product/identifier/S0007125000065624/type/journal_article},
	langid = {en}
}

@article{voruganti2001,
	title = {Subjective effects of AMPT-induced dopamine depletion in schizophrenia: correlation between dysphoric responses and striatal D(2) binding ratios on SPECT imaging},
	author = {Voruganti, L. and Slomka, P. and Zabel, P. and Costa, G. and So, A. and Mattar, A. and Awad, A. G.},
	year = {2001},
	month = {11},
	date = {2001-11},
	journal = {Neuropsychopharmacology: Official Publication of the American College of Neuropsychopharmacology},
	pages = {642--650},
	volume = {25},
	number = {5},
	doi = {10.1016/S0893-133X(01)00263-9},
	note = {PMID: 11682247},
	langid = {eng}
}

@article{karow2002,
	title = {Subjective well-being and quality of life under atypical antipsychotic treatment},
	author = {Karow, A. and Naber, D.},
	year = {2002},
	month = {06},
	date = {2002-06},
	journal = {Psychopharmacology},
	pages = {3--10},
	volume = {162},
	number = {1},
	doi = {10.1007/s00213-002-1052-z},
	note = {PMID: 12107610},
	langid = {eng}
}

@article{garcíacabeza2001,
	title = {Subjective response to antipsychotic treatment and compliance in schizophrenia. A naturalistic study comparing olanzapine, risperidone and haloperidol (EFESO Study)},
	author = {{García-Cabeza}, Ignacio and {Gómez}, Juan-Carlos and {Sacristán}, Jose A and Edgell, Eric and {González de Chavez}, Manuel},
	year = {2001},
	month = {12},
	date = {2001-12},
	journal = {BMC Psychiatry},
	pages = {7},
	volume = {1},
	number = {1},
	doi = {10.1186/1471-244X-1-7},
	url = {http://bmcpsychiatry.biomedcentral.com/articles/10.1186/1471-244X-1-7},
	langid = {en}
}

@article{awad2005,
	title = {Neuroleptic dysphoria: revisiting the concept 50 years later},
	author = {Awad, A. G. and Voruganti, L. N. P.},
	year = {2005},
	date = {2005},
	journal = {Acta Psychiatrica Scandinavica. Supplementum},
	pages = {6--13},
	number = {427},
	doi = {10.1111/j.1600-0447.2005.00539.x},
	note = {PMID: 15877718},
	langid = {eng}
}

@article{opjordsmoen2009,
	title = {Stability of medication in early psychosis: a comparison between second-generation and low-dose first-generation antipsychotics},
	author = {Opjordsmoen, Stein and Melle, Ingrid and Friis, Svein and Haahr, Ulrik and Johannessen, Jan O. and Larsen, Tor K. and Rund, {Bjørn R.} and Simonsen, Erik and Vaglum, Per and McGlashan, Thomas H.},
	year = {2009},
	month = {02},
	date = {2009-02},
	journal = {Early Intervention in Psychiatry},
	pages = {58--65},
	volume = {3},
	number = {1},
	doi = {10.1111/j.1751-7893.2008.00103.x},
	note = {PMID: 21352176},
	langid = {eng}
}

@article{sechter2002,
	title = {Amisulpride vs. risperidone in chronic schizophrenia: results of a 6-month double-blind study},
	author = {Sechter, Daniel and Peuskens, Joseph and Fleurot, Odile and Rein, Werner and Lecrubier, Yves and Amisulpride Study Group, },
	year = {2002},
	month = {12},
	date = {2002-12},
	journal = {Neuropsychopharmacology: Official Publication of the American College of Neuropsychopharmacology},
	pages = {1071--1081},
	volume = {27},
	number = {6},
	doi = {10.1016/S0893-133X(02)00375-5},
	note = {PMID: 12464464},
	langid = {eng}
}

@article{naber2001,
	title = {Improvement of schizophrenic patients' subjective well-being under atypical antipsychotic drugs},
	author = {Naber, D. and Moritz, S. and Lambert, M. and Pajonk, F. G. and Holzbach, R. and Mass, R. and Andresen, B. and Rajonk, F.},
	year = {2001},
	month = {05},
	date = {2001-05-30},
	journal = {Schizophrenia Research},
	pages = {79--88},
	volume = {50},
	number = {1-2},
	doi = {10.1016/s0920-9964(00)00166-3},
	note = {PMID: 11378316},
	langid = {eng}
}

@article{tempier2001,
	title = {Influence of novel and conventional antipsychotic medication on subjective quality of life},
	author = {Tempier, R. and Pawliuk, N.},
	year = {2001},
	month = {03},
	date = {2001-03},
	journal = {Journal of psychiatry & neuroscience: JPN},
	pages = {131--136},
	volume = {26},
	number = {2},
	note = {PMID: 11291530
PMCID: PMC1407744},
	langid = {eng}
}

@article{waddell2008,
	title = {A new self-rating scale for detecting atypical or second-generation antipsychotic side effects},
	author = {Waddell, L. and Taylor, M.},
	year = {2008},
	month = {05},
	date = {2008-05},
	journal = {Journal of Psychopharmacology (Oxford, England)},
	pages = {238--243},
	volume = {22},
	number = {3},
	doi = {10.1177/0269881107087976},
	note = {PMID: 18541624},
	langid = {eng}
}

@article{day1995,
	title = {A self-rating scale for measuring neuroleptic side-effects. Validation in a group of schizophrenic patients},
	author = {Day, J. C. and Wood, G. and Dewey, M. and Bentall, R. P.},
	year = {1995},
	month = {05},
	date = {1995-05},
	journal = {The British Journal of Psychiatry: The Journal of Mental Science},
	pages = {650--653},
	volume = {166},
	number = {5},
	doi = {10.1192/bjp.166.5.650},
	note = {PMID: 7620752},
	langid = {eng}
}

@article{levine1986,
	title = {SAFTEE: a technique for the systematic assessment of side effects in clinical trials},
	author = {Levine, J. and Schooler, N. R.},
	year = {1986},
	date = {1986},
	journal = {Psychopharmacology Bulletin},
	pages = {343--381},
	volume = {22},
	number = {2},
	note = {PMID: 3774930},
	langid = {eng}
}

@article{greenhill2004,
	title = {Comparison of increasingly detailed elicitation methods for the assessment of adverse events in pediatric psychopharmacology},
	author = {Greenhill, Laurence L. and Vitiello, Benedetto and Fisher, Prudence and Levine, Jerome and Davies, Mark and Abikoff, Howard and Chrisman, Allan K. and Chuang, Shirley and Findling, Robert L. and March, John and Scahill, Lawrence and Walkup, John and Riddle, Mark A.},
	year = {2004},
	month = {12},
	date = {2004-12},
	journal = {Journal of the American Academy of Child and Adolescent Psychiatry},
	pages = {1488--1496},
	volume = {43},
	number = {12},
	doi = {10.1097/01.chi.0000142668.29191.13},
	note = {PMID: 15564818},
	langid = {eng}
}

@article{haddad2014,
	title = {SMARTS (Systematic Monitoring of Adverse events Related to TreatmentS): The development of a pragmatic patient-completed checklist to assess antipsychotic drug side effects},
	author = {Haddad, Peter M. and Fleischhacker, W. Wolfgang and Peuskens, Joseph and Cavallaro, Roberto and Lean, Michael Ej and Morozova, Margarita and Reynolds, Gavin and Azorin, Jean-Michel and Thomas, Pierre and {Möller}, {Hans-Jürgen}},
	year = {2014},
	month = {02},
	date = {2014-02},
	journal = {Therapeutic Advances in Psychopharmacology},
	pages = {15--21},
	volume = {4},
	number = {1},
	doi = {10.1177/2045125313510195},
	note = {PMID: 24490026
PMCID: PMC3896136},
	langid = {eng}
}
