
@article{kane1985,
	title = {Tardive dyskinesia: prevalence, incidence, and risk factors},
	author = {Kane, J. M. and Woerner, M. and Lieberman, J.},
	year = {1985},
	date = {1985},
	journal = {Psychopharmacology. Supplementum},
	pages = {72--78},
	volume = {2},
	doi = {10.1007/978-3-642-70140-5_9},
	note = {PMID: 2860662},
	langid = {eng}
}

@article{morgenstern1993,
	title = {Identifying risk factors for tardive dyskinesia among long-term outpatients maintained with neuroleptic medications. Results of the Yale Tardive Dyskinesia Study},
	author = {Morgenstern, H. and Glazer, W. M.},
	year = {1993},
	month = {09},
	date = {1993-09},
	journal = {Archives of General Psychiatry},
	pages = {723--733},
	volume = {50},
	number = {9},
	doi = {10.1001/archpsyc.1993.01820210057007},
	note = {PMID: 8102845},
	langid = {eng}
}

@article{anacker2019,
	title = {Determining Liability When a Patient Develops Tardive Dyskinesia},
	author = {Anacker, Lisa and Dunlop, Jonathan and Gotlib, Dorothy},
	year = {2019},
	month = {12},
	date = {2019-12-01},
	journal = {Journal of the American Academy of Psychiatry and the Law Online},
	pages = {517--519},
	volume = {47},
	number = {4},
	doi = {10.29158/JAAPL.3899L2-19},
	url = {http://jaapl.org/content/47/4/517},
	note = {Publisher: Journal of the American Academy of Psychiatry and the Law Online
Section: Legal Digest},
	langid = {en}
}

@article{slovenko2000,
	title = {Update on legal issues associated with tardive dyskinesia},
	author = {Slovenko, R.},
	year = {2000},
	date = {2000},
	journal = {The Journal of Clinical Psychiatry},
	pages = {45--57},
	volume = {61 Suppl 4},
	note = {PMID: 10739331},
	langid = {eng}
}

@article{schonecker1957,
	title = {[Paroxysmal dyskinesia as the effect of megaphen]},
	author = {Schonecker, M.},
	year = {1957},
	month = {12},
	date = {1957-12-20},
	journal = {Der Nervenarzt},
	pages = {550--553},
	volume = {28},
	number = {12},
	note = {PMID: 13517450},
	langid = {ger}
}

@article{faurbye1964,
	title = {NEUROLOGICAL SYMPTOMS IN PHARMAGOTHERAPY OF PSYCHOSES},
	author = {Faurbye, A. and Rasch, P.-J. and Petersen, P. Bender and {&}, G. Brandborg and Pakkenberg, H.},
	year = {1964},
	month = {03},
	date = {1964-03},
	journal = {Acta Psychiatrica Scandinavica},
	pages = {10--27},
	volume = {40},
	number = {1},
	doi = {10.1111/j.1600-0447.1964.tb05731.x},
	url = {https://onlinelibrary.wiley.com/doi/10.1111/j.1600-0447.1964.tb05731.x},
	langid = {en}
}

@article{druckman1962,
	title = {Chronic involuntary movements induced by phenothiazines},
	author = {Druckman, R. and Seelinger, D. and Thulin, B.},
	year = {1962},
	month = {07},
	date = {1962-07},
	journal = {The Journal of Nervous and Mental Disease},
	pages = {69--76},
	volume = {135},
	doi = {10.1097/00005053-196207000-00009},
	note = {PMID: 13887945},
	langid = {eng}
}

@article{keegan1973,
	title = {Drug induced dystonia tarda: treatment with L-dopa},
	author = {Keegan, D. L. and Rajput, A. H.},
	year = {1973},
	month = {03},
	date = {1973-03},
	journal = {Diseases of the Nervous System},
	pages = {167--169},
	volume = {34},
	number = {3},
	note = {PMID: 4146031},
	langid = {eng}
}

@article{barnes1985,
	title = {Akathisia variants and tardive dyskinesia},
	author = {Barnes, T. R. and Braude, W. M.},
	year = {1985},
	month = {09},
	date = {1985-09},
	journal = {Archives of General Psychiatry},
	pages = {874--878},
	volume = {42},
	number = {9},
	doi = {10.1001/archpsyc.1985.01790320042006},
	note = {PMID: 2864031},
	langid = {eng}
}

@article{frei2018,
	title = {The nosology of tardive syndromes},
	author = {Frei, Karen and Truong, Daniel D. and Fahn, Stanley and Jankovic, Joseph and Hauser, Robert A.},
	year = {2018},
	month = {06},
	date = {2018-06-15},
	journal = {Journal of the Neurological Sciences},
	pages = {10--16},
	volume = {389},
	doi = {10.1016/j.jns.2018.02.008},
	note = {PMID: 29433810},
	langid = {eng}
}

@article{polizos1973,
	title = {Neurological consequences of psychotropic drug withdrawal in schizophrenic children},
	author = {Polizos, Polizoes and Engelhardt, David M. and Hoffman, Stanley P. and Waizer, Jonas},
	year = {1973},
	month = {07},
	date = {1973-07},
	journal = {Journal of Autism and Childhood Schizophrenia},
	pages = {247--253},
	volume = {3},
	number = {3},
	doi = {10.1007/BF01538282},
	url = {http://link.springer.com/10.1007/BF01538282},
	langid = {en}
}

@article{cornett2017,
	title = {Medication-Induced Tardive Dyskinesia: A Review and Update},
	author = {Cornett, Elyse M. and Novitch, Matthew and Kaye, Alan David and Kata, Vijay and Kaye, Adam M.},
	year = {2017},
	date = {2017},
	journal = {The Ochsner Journal},
	pages = {162--174},
	volume = {17},
	number = {2},
	note = {PMID: 28638290
PMCID: PMC5472076},
	langid = {eng}
}

@article{naidu2001,
	title = {Effect of 5-HT1A and 5-HT2A/2C receptor modulation on neuroleptic-induced vacuous chewing movements},
	author = {Naidu, P. S. and Kulkarni, S. K.},
	year = {2001},
	month = {09},
	date = {2001-09-28},
	journal = {European Journal of Pharmacology},
	pages = {81--86},
	volume = {428},
	number = {1},
	doi = {10.1016/s0014-2999(01)01284-5},
	note = {PMID: 11779040},
	langid = {eng}
}

@article{wilffert2009,
	title = {The role of dopamine D3, 5-HT2A and 5-HT2C receptor variants as pharmacogenetic determinants in tardive dyskinesia in African-Caribbean patients under chronic antipsychotic treatment: Curaçao extrapyramidal syndromes study IX},
	author = {Wilffert, B and Al Hadithy, Afy and Sing, Vj and Matroos, G and Hoek, Hw and van Os, J and Bruggeman, R and Brouwers, Jrbj and van Harten, Pn},
	year = {2009},
	month = {08},
	date = {2009-08},
	journal = {Journal of Psychopharmacology},
	pages = {652--659},
	volume = {23},
	number = {6},
	doi = {10.1177/0269881108091594},
	url = {http://journals.sagepub.com/doi/10.1177/0269881108091594},
	langid = {en}
}

@article{kane1982,
	title = {Tardive dyskinesia: prevalence and risk factors, 1959 to 1979},
	author = {Kane, J. M. and Smith, J. M.},
	year = {1982},
	month = {04},
	date = {1982-04},
	journal = {Archives of General Psychiatry},
	pages = {473--481},
	volume = {39},
	number = {4},
	doi = {10.1001/archpsyc.1982.04290040069010},
	note = {PMID: 6121548},
	langid = {eng}
}

@article{kim2014,
	title = {Tardive dyskinesia in patients treated with atypical antipsychotics: case series and brief review of etiologic and treatment considerations},
	author = {Kim, Jungjin and Macmaster, Eric and Schwartz, Thomas L.},
	year = {2014},
	date = {2014},
	journal = {Drugs in Context},
	pages = {212259},
	volume = {3},
	doi = {10.7573/dic.212259},
	note = {PMID: 24744806
PMCID: PMC3989508},
	langid = {eng}
}

@article{dabreu2018,
	title = {Tardive dyskinesia: Epidemiology},
	author = {{D'Abreu}, Anelyssa and Akbar, Umer and Friedman, Joseph H.},
	year = {2018},
	month = {06},
	date = {2018-06},
	journal = {Journal of the Neurological Sciences},
	pages = {17--20},
	volume = {389},
	doi = {10.1016/j.jns.2018.02.007},
	url = {https://linkinghub.elsevier.com/retrieve/pii/S0022510X18300650},
	langid = {en}
}

@article{carbon2017,
	title = {Tardive Dyskinesia Prevalence in the Period of Second-Generation Antipsychotic Use: A Meta-Analysis},
	author = {Carbon, Maren and Hsieh, Cheng-Hsi and Kane, John M. and Correll, Christoph U.},
	year = {2017},
	month = {03},
	date = {2017-03},
	journal = {The Journal of Clinical Psychiatry},
	pages = {e264--e278},
	volume = {78},
	number = {3},
	doi = {10.4088/JCP.16r10832},
	note = {PMID: 28146614},
	langid = {eng}
}

@article{li2009,
	title = {Clozapine-induced tardive dyskinesia in schizophrenic patients taking clozapine as a first-line antipsychotic drug},
	author = {Li, Chun-Rong and Chung, Young-Chul and Park, Tae-Won and Yang, Jong-Chul and Kim, Kee-Won and Lee, Keon-Hak and Hwang, Ik-Keun},
	year = {2009},
	date = {2009},
	journal = {The World Journal of Biological Psychiatry: The Official Journal of the World Federation of Societies of Biological Psychiatry},
	pages = {919--924},
	volume = {10},
	number = {4 Pt 3},
	doi = {10.1080/15622970802481895},
	note = {PMID: 19995222},
	langid = {eng}
}

@article{woerner2011,
	title = {Incidence of Tardive Dyskinesia with Risperidone or Olanzapine in the Elderly: Results from a 2-Year, Prospective Study in Antipsychotic-Naïve Patients},
	author = {Woerner, Margaret G and Correll, Christoph U and Alvir, Jose Ma J and Greenwald, Blaine and Delman, Howard and Kane, John M},
	year = {2011},
	month = {07},
	date = {2011-07},
	journal = {Neuropsychopharmacology},
	pages = {1738--1746},
	volume = {36},
	number = {8},
	doi = {10.1038/npp.2011.55},
	url = {http://www.nature.com/articles/npp201155},
	langid = {en}
}

@article{cavallaro1993,
	title = {Tardive dyskinesia outcomes: clinical and pharmacologic correlates of remission and persistence},
	author = {Cavallaro, R. and Regazzetti, M. G. and Mundo, E. and Brancato, V. and Smeraldi, E.},
	year = {1993},
	month = {05},
	date = {1993-05},
	journal = {Neuropsychopharmacology: Official Publication of the American College of Neuropsychopharmacology},
	pages = {233--239},
	volume = {8},
	number = {3},
	doi = {10.1038/npp.1993.26},
	note = {PMID: 8099483},
	langid = {eng}
}

@article{kang1986,
	title = {Natural history and treatment of tardive dystonia},
	author = {Kang, U. J. and Burke, R. E. and Fahn, S.},
	year = {1986},
	date = {1986},
	journal = {Movement Disorders: Official Journal of the Movement Disorder Society},
	pages = {193--208},
	volume = {1},
	number = {3},
	doi = {10.1002/mds.870010305},
	note = {PMID: 2904118},
	langid = {eng}
}

@article{sutcher1971,
	title = {Orofacial Dyskinesia: A Dental Dimension},
	author = {Sutcher, Howard D. and Underwood, Robert B. and Beatty, Robert A. and Sugar, Oscar},
	year = {1971},
	month = {05},
	date = {1971-05-31},
	journal = {JAMA},
	pages = {1459},
	volume = {216},
	number = {9},
	doi = {10.1001/jama.1971.03180350037008},
	url = {http://jama.jamanetwork.com/article.aspx?doi=10.1001/jama.1971.03180350037008},
	langid = {en}
}

@article{portnoy1979,
	title = {Hyperkinetic dysarthria as an early indicator of impending tardive dyskinesia},
	author = {Portnoy, R. A.},
	year = {1979},
	month = {05},
	date = {1979-05},
	journal = {The Journal of Speech and Hearing Disorders},
	pages = {214--219},
	volume = {44},
	number = {2},
	doi = {10.1044/jshd.4402.214},
	note = {PMID: 502488},
	langid = {eng}
}

@article{patel2014,
	title = {Sensory aspects of movement disorders},
	author = {Patel, Neepa and Jankovic, Joseph and Hallett, Mark},
	year = {2014},
	month = {01},
	date = {2014-01},
	journal = {The Lancet. Neurology},
	pages = {100--112},
	volume = {13},
	number = {1},
	doi = {10.1016/S1474-4422(13)70213-8},
	note = {PMID: 24331796
PMCID: PMC4759644},
	langid = {eng}
}

@article{ford1994,
	title = {Oral and genital tardive pain syndromes},
	author = {Ford, B. and Greene, P. and Fahn, S.},
	year = {1994},
	month = {11},
	date = {1994-11},
	journal = {Neurology},
	pages = {2115--2119},
	volume = {44},
	number = {11},
	doi = {10.1212/wnl.44.11.2115},
	note = {PMID: 7969969},
	langid = {eng}
}

@article{tominaga1987,
	title = {Tardive myoclonus},
	author = {Tominaga, H. and Fukuzako, H. and Izumi, K. and Koja, T. and Fukuda, T. and Fujii, H. and Matsumoto, K. and Sonoda, H. and Imamura, K.},
	year = {1987},
	month = {02},
	date = {1987-02-07},
	journal = {Lancet (London, England)},
	pages = {322},
	volume = {1},
	number = {8528},
	doi = {10.1016/s0140-6736(87)92042-3},
	note = {PMID: 2880125},
	langid = {eng}
}

@article{quinn2002,
	title = {The man who walks backwards},
	author = {Quinn, Niall and Bhatia, Kailash},
	year = {2002},
	month = {05},
	date = {2002-05},
	journal = {Journal of the Royal Society of Medicine},
	pages = {273},
	volume = {95},
	number = {5},
	doi = {10.1258/jrsm.95.5.273-a},
	note = {PMID: 11983781
PMCID: PMC1279701},
	langid = {eng}
}

@article{kiriakakis1998,
	title = {The natural history of tardive dystonia. A long-term follow-up study of 107 cases},
	author = {Kiriakakis, V. and Bhatia, K. P. and Quinn, N. P. and Marsden, C. D.},
	year = {1998},
	month = {11},
	date = {1998-11},
	journal = {Brain: A Journal of Neurology},
	pages = {2053--2066},
	volume = {121 ( Pt 11)},
	doi = {10.1093/brain/121.11.2053},
	note = {PMID: 9827766},
	langid = {eng}
}

@article{weiner1983,
	title = {Persistent akathisia following neuroleptic withdrawal},
	author = {Weiner, W. J. and Luby, E. D.},
	year = {1983},
	month = {04},
	date = {1983-04},
	journal = {Annals of Neurology},
	pages = {466--467},
	volume = {13},
	number = {4},
	doi = {10.1002/ana.410130420},
	note = {PMID: 6838181},
	langid = {eng}
}

@article{burke1989,
	title = {Tardive akathisia: an analysis of clinical features and response to open therapeutic trials},
	author = {Burke, R. E. and Kang, U. J. and Jankovic, J. and Miller, L. G. and Fahn, S.},
	year = {1989},
	date = {1989},
	journal = {Movement Disorders: Official Journal of the Movement Disorder Society},
	pages = {157--175},
	volume = {4},
	number = {2},
	doi = {10.1002/mds.870040208},
	note = {PMID: 2567492},
	langid = {eng}
}

@article{little1987,
	title = {Tardive myoclonus},
	author = {Little, J. T. and Jankovic, J.},
	year = {1987},
	date = {1987},
	journal = {Movement Disorders: Official Journal of the Movement Disorder Society},
	pages = {307--311},
	volume = {2},
	number = {4},
	doi = {10.1002/mds.870020408},
	note = {PMID: 3504556},
	langid = {eng}
}

@article{won2008,
	title = {Tardive parkinsonism in a bipolar patient: post-mortem examination supports a physiological rather than pathological dysfunction},
	author = {Won, Moon S. and Mikos, Ania and Hurd, Mary and Fernandez, Hubert and Eskin, Thomas and Romrell, Janet and Okun, Michael S.},
	year = {2008},
	date = {2008},
	journal = {Neurocase},
	pages = {66--69},
	volume = {15},
	number = {1},
	doi = {10.1080/13554790802613033},
	note = {PMID: 19235627},
	langid = {eng}
}

@article{mentzel2018,
	title = {Clozapine Monotherapy as a Treatment for Antipsychotic-Induced Tardive Dyskinesia: A Meta-Analysis},
	author = {Mentzel, Thierry Q. and van der Snoek, {René} and Lieverse, Ritsaert and Oorschot, Margreet and Viechtbauer, Wolfgang and Bloemen, Oswald and van Harten, Peter N.},
	year = {2018},
	month = {09},
	date = {2018-09-18},
	journal = {The Journal of Clinical Psychiatry},
	pages = {17r11852},
	volume = {79},
	number = {6},
	doi = {10.4088/JCP.17r11852},
	note = {PMID: 30257080},
	langid = {eng}
}

@article{littrell1993,
	title = {The effect of clozapine on preexisting tardive dyskinesia},
	author = {Littrell, K. and Magill, A. M.},
	year = {1993},
	month = {09},
	date = {1993-09},
	journal = {Journal of Psychosocial Nursing and Mental Health Services},
	pages = {14--18},
	volume = {31},
	number = {9},
	doi = {10.3928/0279-3695-19930901-07},
	note = {PMID: 7901407},
	langid = {eng}
}

@article{pardis2019,
	title = {Clozapine and tardive dyskinesia in patients with schizophrenia: A systematic review},
	author = {Pardis, Parnian and Remington, Gary and Panda, Roshni and Lemez, Milan and Agid, Ofer},
	year = {2019},
	month = {10},
	date = {2019-10},
	journal = {Journal of Psychopharmacology},
	pages = {1187--1198},
	volume = {33},
	number = {10},
	doi = {10.1177/0269881119862535},
	url = {http://journals.sagepub.com/doi/10.1177/0269881119862535},
	langid = {en}
}

@article{moore1992,
	title = {Reduction of dyskinesias and psychiatric disability with clozapine over different time courses},
	author = {Moore, N. C. and Lewitt, P. A. and Gershon, S.},
	year = {1992},
	month = {01},
	date = {1992-01},
	journal = {Journal of Psychopharmacology (Oxford, England)},
	pages = {514--518},
	volume = {6},
	number = {4},
	doi = {10.1177/026988119200600407},
	note = {PMID: 22291400},
	langid = {eng}
}

@article{small1987,
	title = {Treatment outcome with clozapine in tardive dyskinesia, neuroleptic sensitivity, and treatment-resistant psychosis},
	author = {Small, J. G. and Milstein, V. and Marhenke, J. D. and Hall, D. D. and Kellams, J. J.},
	year = {1987},
	month = {07},
	date = {1987-07},
	journal = {The Journal of Clinical Psychiatry},
	pages = {263--267},
	volume = {48},
	number = {7},
	note = {PMID: 2885310},
	langid = {eng}
}

@article{yovtcheva2000,
	title = {Reemergence of tardive dyskinesia after discontinuation of clozapine treatment},
	author = {Yovtcheva, S. P. and Stanley-Tilt, C. and Moles, J. K.},
	year = {2000},
	month = {12},
	date = {2000-12-15},
	journal = {Schizophrenia Research},
	pages = {107--109},
	volume = {46},
	number = {2-3},
	doi = {10.1016/s0920-9964(99)00228-5},
	note = {PMID: 11120422},
	langid = {eng}
}

@article{uzun2001,
	title = {A case of relapsed tardive dyskinesia due to clozapine dose reduction},
	author = {Uzun, O. and Cansever, A. and Ozsahin, A.},
	year = {2001},
	month = {11},
	date = {2001-11},
	journal = {International Clinical Psychopharmacology},
	pages = {369--371},
	volume = {16},
	number = {6},
	doi = {10.1097/00004850-200111000-00009},
	note = {PMID: 11712627},
	langid = {eng}
}

@article{kazamatsuri1972,
	title = {Treatment of tardive dyskinesia. II. Short-term efficacy of dopamine-blocking agents haloperidol and thiopropazate},
	author = {Kazamatsuri, H. and Chien, C. and Cole, J. O.},
	year = {1972},
	month = {07},
	date = {1972-07},
	journal = {Archives of General Psychiatry},
	pages = {100--103},
	volume = {27},
	number = {1},
	doi = {10.1001/archpsyc.1972.01750250086012},
	note = {PMID: 4555826},
	langid = {eng}
}

@article{ricciardi2019,
	title = {Treatment Recommendations for Tardive Dyskinesia},
	author = {Ricciardi, Lucia and Pringsheim, Tamara and Barnes, Thomas R.E. and Martino, Davide and Gardner, David and Remington, Gary and Addington, Donald and Morgante, Francesca and Poole, Norman and Carson, Alan and Edwards, Mark},
	year = {2019},
	month = {06},
	date = {2019-06},
	journal = {The Canadian Journal of Psychiatry},
	pages = {388--399},
	volume = {64},
	number = {6},
	doi = {10.1177/0706743719828968},
	url = {http://journals.sagepub.com/doi/10.1177/0706743719828968},
	langid = {en}
}

@article{ondo1999,
	title = {Tetrabenazine treatment for tardive dyskinesia: assessment by randomized videotape protocol},
	author = {Ondo, W. G. and Hanna, P. A. and Jankovic, J.},
	year = {1999},
	month = {08},
	date = {1999-08},
	journal = {The American Journal of Psychiatry},
	pages = {1279--1281},
	volume = {156},
	number = {8},
	doi = {10.1176/ajp.156.8.1279},
	note = {PMID: 10450276},
	langid = {eng}
}

@article{hauser2017,
	title = {KINECT 3: A Phase 3 Randomized, Double-Blind, Placebo-Controlled Trial of Valbenazine for Tardive Dyskinesia},
	author = {Hauser, Robert A. and Factor, Stewart A. and Marder, Stephen R. and Knesevich, Mary Ann and Ramirez, Paul M. and Jimenez, Roland and Burke, Joshua and Liang, Grace S. and {O'Brien}, Christopher F.},
	year = {2017},
	month = {05},
	date = {2017-05-01},
	journal = {The American Journal of Psychiatry},
	pages = {476--484},
	volume = {174},
	number = {5},
	doi = {10.1176/appi.ajp.2017.16091037},
	note = {PMID: 28320223},
	langid = {eng}
}

@article{fernandez2017,
	title = {Randomized controlled trial of deutetrabenazine for tardive dyskinesia: The ARM-TD study},
	author = {Fernandez, Hubert H. and Factor, Stewart A. and Hauser, Robert A. and Jimenez-Shahed, Joohi and Ondo, William G. and Jarskog, L. Fredrik and Meltzer, Herbert Y. and Woods, Scott W. and Bega, Danny and LeDoux, Mark S. and Shprecher, David R. and Davis, Charles and Davis, Mat D. and Stamler, David and Anderson, Karen E.},
	year = {2017},
	month = {05},
	date = {2017-05-23},
	journal = {Neurology},
	pages = {2003--2010},
	volume = {88},
	number = {21},
	doi = {10.1212/WNL.0000000000003960},
	note = {PMID: 28446646
PMCID: PMC5440239},
	langid = {eng}
}

@article{collo2020,
	title = {Negative Symptoms of Schizophrenia and Dopaminergic Transmission: Translational Models and Perspectives Opened by iPSC Techniques},
	author = {Collo, Ginetta and Mucci, Armida and Giordano, Giulia M. and Merlo Pich, Emilio and Galderisi, Silvana},
	year = {2020},
	month = {06},
	date = {2020-06-18},
	journal = {Frontiers in Neuroscience},
	pages = {632},
	volume = {14},
	doi = {10.3389/fnins.2020.00632},
	url = {https://www.frontiersin.org/articles/10.3389/fnins.2020.00632/full}
}

@article{chaudhry2008,
	title = {Vesicular Neurotransmitter Transporters as Targets for Endogenous and Exogenous Toxic Substances},
	author = {Chaudhry, Farrukh A. and Edwards, Robert H. and Fonnum, Frode},
	year = {2008},
	month = {02},
	date = {2008-02-01},
	journal = {Annual Review of Pharmacology and Toxicology},
	pages = {277--301},
	volume = {48},
	number = {1},
	doi = {10.1146/annurev.pharmtox.46.120604.141146},
	url = {https://www.annualreviews.org/doi/10.1146/annurev.pharmtox.46.120604.141146},
	langid = {en}
}

@article{purvestyson2017,
	title = {Putative presynaptic dopamine dysregulation in schizophrenia is supported by molecular evidence from post-mortem human midbrain},
	author = {Purves-Tyson, T D and Owens, S J and Rothmond, D A and Halliday, G M and Double, K L and Stevens, J and McCrossin, T and Shannon Weickert, C},
	year = {2017},
	month = {01},
	date = {2017-01},
	journal = {Translational Psychiatry},
	pages = {e1003--e1003},
	volume = {7},
	number = {1},
	doi = {10.1038/tp.2016.257},
	url = {http://www.nature.com/articles/tp2016257},
	langid = {en}
}

@article{bhidayasiri2018,
	title = {Updating the recommendations for treatment of tardive syndromes: A systematic review of new evidence and practical treatment algorithm},
	author = {Bhidayasiri, Roongroj and Jitkritsadakul, Onanong and Friedman, Joseph H. and Fahn, Stanley},
	year = {2018},
	month = {06},
	date = {2018-06-15},
	journal = {Journal of the Neurological Sciences},
	pages = {67--75},
	volume = {389},
	doi = {10.1016/j.jns.2018.02.010},
	note = {PMID: 29454493},
	langid = {eng}
}

@article{thaker1990,
	title = {Clonazepam treatment of tardive dyskinesia: a practical GABAmimetic strategy},
	author = {Thaker, G. K. and Nguyen, J. A. and Strauss, M. E. and Jacobson, R. and Kaup, B. A. and Tamminga, C. A.},
	year = {1990},
	month = {04},
	date = {1990-04},
	journal = {The American Journal of Psychiatry},
	pages = {445--451},
	volume = {147},
	number = {4},
	doi = {10.1176/ajp.147.4.445},
	note = {PMID: 1969244},
	langid = {eng}
}

@article{zheng2016,
	title = {Extract of Ginkgo biloba for Tardive Dyskinesia: Meta-analysis of Randomized Controlled Trials},
	author = {Zheng, W. and Xiang, Y.-Q. and Ng, C. H. and Ungvari, G. S. and Chiu, H. F. K. and Xiang, Y.-T.},
	year = {2016},
	month = {05},
	date = {2016-05},
	journal = {Pharmacopsychiatry},
	pages = {107--111},
	volume = {49},
	number = {3},
	doi = {10.1055/s-0042-102884},
	note = {PMID: 26979525},
	langid = {eng}
}

@article{pappa2010,
	title = {Effects of amantadine on tardive dyskinesia: a randomized, double-blind, placebo-controlled study},
	author = {Pappa, Sofia and Tsouli, Sofia and Apostolou, George and Mavreas, Venetsanos and Konitsiotis, Spiridon},
	year = {2010},
	month = {12},
	date = {2010-12},
	journal = {Clinical Neuropharmacology},
	pages = {271--275},
	volume = {33},
	number = {6},
	doi = {10.1097/wnf.0b013e3181ffde32},
	note = {PMID: 21121175},
	langid = {eng}
}

@article{gerlach1978,
	title = {Effect of baclofen on tardive dyskinesia},
	author = {Gerlach, J. and Rye, T. and Kristjansen, P.},
	year = {1978},
	month = {03},
	date = {1978-03-01},
	journal = {Psychopharmacology},
	pages = {145--151},
	volume = {56},
	number = {2},
	doi = {10.1007/BF00431840},
	note = {PMID: 417365},
	langid = {eng}
}

@article{stewart1982,
	title = {Baclofen in tardive dyskinesia patients maintained on neuroleptics},
	author = {Stewart, R. M. and Rollins, J. and Beckham, B. and Roffman, M.},
	year = {1982},
	month = {12},
	date = {1982-12},
	journal = {Clinical Neuropharmacology},
	pages = {365--373},
	volume = {5},
	number = {4},
	doi = {10.1097/00002826-198212000-00004},
	note = {PMID: 6130838},
	langid = {eng}
}

@article{vanharten2006,
	title = {Botulinum toxin as a treatment for tardive dyskinesia},
	author = {van Harten, Peter N. and Hovestadt, Ad},
	year = {2006},
	month = {08},
	date = {2006-08},
	journal = {Movement Disorders: Official Journal of the Movement Disorder Society},
	pages = {1276--1277},
	volume = {21},
	number = {8},
	doi = {10.1002/mds.20904},
	note = {PMID: 16671083},
	langid = {eng}
}

@article{tarsy1997,
	title = {An open-label study of botulinum toxin A for treatment of tardive dystonia},
	author = {Tarsy, D. and Kaufman, D. and Sethi, K. D. and Rivner, M. H. and Molho, E. and Factor, S.},
	year = {1997},
	month = {02},
	date = {1997-02},
	journal = {Clinical Neuropharmacology},
	pages = {90--93},
	volume = {20},
	number = {1},
	doi = {10.1097/00002826-199702000-00012},
	note = {PMID: 9037579},
	langid = {eng}
}

@article{esper2010,
	title = {Lingual protrusion dystonia: frequency, etiology and botulinum toxin therapy},
	author = {Esper, Christine D. and Freeman, Alan and Factor, Stewart A.},
	year = {2010},
	month = {08},
	date = {2010-08},
	journal = {Parkinsonism & Related Disorders},
	pages = {438--441},
	volume = {16},
	number = {7},
	doi = {10.1016/j.parkreldis.2010.04.007},
	note = {PMID: 20494607},
	langid = {eng}
}

@article{slotema2008,
	title = {Botulinum toxin in the treatment of orofacial tardive dyskinesia: a single blind study},
	author = {Slotema, Christina W. and van Harten, Peter N. and Bruggeman, Richard and Hoek, Hans W.},
	year = {2008},
	month = {02},
	date = {2008-02-15},
	journal = {Progress in Neuro-Psychopharmacology & Biological Psychiatry},
	pages = {507--509},
	volume = {32},
	number = {2},
	doi = {10.1016/j.pnpbp.2007.10.004},
	note = {PMID: 18022743},
	langid = {eng}
}

@article{deng2017,
	title = {Long-term follow-up of bilateral subthalamic deep brain stimulation for refractory tardive dystonia},
	author = {Deng, Zheng-Dao and Li, Dian-You and Zhang, Chen-Cheng and Pan, Yi-Xin and Zhang, Jin and Jin, Haiyan and Zeljec, Kristina and Zhan, Shi-Kun and Sun, Bo-Min},
	year = {2017},
	month = {08},
	date = {2017-08},
	journal = {Parkinsonism & Related Disorders},
	pages = {58--65},
	volume = {41},
	doi = {10.1016/j.parkreldis.2017.05.010},
	note = {PMID: 28552340},
	langid = {eng}
}

@article{yahya2021,
	title = {Electroconvulsive Therapy as a Treatment for Tardive Dyskinesia},
	author = {Yahya, Ahmed Saeed and Khawaja, Shakil},
	year = {2021},
	month = {05},
	date = {2021-05-06},
	journal = {The primary care companion for CNS disorders},
	pages = {20r02775},
	volume = {23},
	number = {3},
	doi = {10.4088/PCC.20r02775},
	note = {PMID: 34000170},
	langid = {eng}
}

@article{macerollo2018,
	title = {Deep brain stimulation for tardive syndromes: Systematic review and meta-analysis},
	author = {Macerollo, Antonella and Deuschl, {Günther}},
	year = {2018},
	month = {06},
	date = {2018-06-15},
	journal = {Journal of the Neurological Sciences},
	pages = {55--60},
	volume = {389},
	doi = {10.1016/j.jns.2018.02.013},
	note = {PMID: 29433807},
	langid = {eng}
}

@article{wang1997,
	title = {Pallidotomy for tardive dyskinesia},
	author = {Wang, Y. and Turnbull, I. and Calne, S. and Stoessl, A. J. and Calne, D. B.},
	year = {1997},
	month = {03},
	date = {1997-03-15},
	journal = {Lancet (London, England)},
	pages = {777--778},
	volume = {349},
	number = {9054},
	doi = {10.1016/S0140-6736(05)60203-6},
	note = {PMID: 9074585},
	langid = {eng}
}

@article{lenders2005,
	title = {Long term results of unilateral posteroventral pallidotomy for antipsychotic drug induced tardive dyskinesia},
	author = {Lenders, M. W. P. M. and Buschman, H. P. J. and Vergouwen, M. D. I. and Steur, E. N. H. J. and {Kölling}, P. and Hariz, M.},
	year = {2005},
	month = {07},
	date = {2005-07},
	journal = {Journal of Neurology, Neurosurgery, and Psychiatry},
	pages = {1039},
	volume = {76},
	number = {7},
	doi = {10.1136/jnnp.2004.044438},
	note = {PMID: 15965227
PMCID: PMC1739698},
	langid = {eng}
}

@article{centen2021,
	title = {Bilateral Pallidotomy for Dystonia: A Systematic Review},
	author = {Centen, Liesanne M. and Oterdoom, D. L. Marinus and Tijssen, Marina A. J. and Lesman-Leegte, Ivon and van Egmond, Martje E. and van Dijk, J. Marc C.},
	year = {2021},
	month = {03},
	date = {2021-03},
	journal = {Movement Disorders: Official Journal of the Movement Disorder Society},
	pages = {547--557},
	volume = {36},
	number = {3},
	doi = {10.1002/mds.28384},
	note = {PMID: 33215750
PMCID: PMC8048649},
	langid = {eng}
}
