
@article{wetzel1994,
	title = {Acute antagonism of dopamine D2-like receptors by amisulpride: effects on hormone secretion in healthy volunteers},
	author = {Wetzel, H. and Wiesner, J. and Hiemke, C. and Benkert, O.},
	year = {1994},
	month = {10},
	date = {1994-10},
	journal = {Journal of Psychiatric Research},
	pages = {461--473},
	volume = {28},
	number = {5},
	doi = {10.1016/0022-3956(94)90004-3},
	note = {PMID: 7897617},
	langid = {eng}
}

@article{misiak2021,
	title = {Thyroid hormones in persons with schizophrenia: A systematic review and meta-analysis},
	author = {Misiak, {B{\l}a{\.{z}}ej} and {Sta{\'{n}}czykiewicz}, {Bart{\l}omiej} and {Wi{\'{s}}niewski}, {Micha{\l}} and Bartoli, Francesco and Carra, Giuseppe and Cavaleri, Daniele and Samochowiec, Jerzy and Jarosz, Konrad and {Rosi{\'{n}}czuk}, Joanna and Frydecka, Dorota},
	year = {2021},
	month = {12},
	date = {2021-12},
	journal = {Progress in Neuro-Psychopharmacology and Biological Psychiatry},
	pages = {110402},
	volume = {111},
	doi = {10.1016/j.pnpbp.2021.110402},
	url = {https://linkinghub.elsevier.com/retrieve/pii/S0278584621001615},
	langid = {en}
}

@article{labad2016,
	title = {Free thyroxine levels are associated with cognitive changes in individuals with a first episode of psychosis: A prospective 1-year follow-up study},
	author = {Labad, J. and Barbero, J.D. and {Gutiérrez-Zotes}, A. and Montalvo, I. and Creus, M. and Cabezas, {Á.} and {Solé}, M. and Algora, M.J. and {Garcia-Parés}, G. and Vilella, E.},
	year = {2016},
	month = {03},
	date = {2016-03},
	journal = {Schizophrenia Research},
	pages = {182--186},
	volume = {171},
	number = {1-3},
	doi = {10.1016/j.schres.2016.01.036},
	url = {https://linkinghub.elsevier.com/retrieve/pii/S0920996416300263},
	langid = {en}
}
