
@article{wey2016,
	title = {The oral health of people with chronic schizophrenia: A neglected public health burden},
	author = {Wey, Mang Chek and Loh, SiewYim and Doss, Jennifer Geraldine and Abu Bakar, Abdul Kadir and Kisely, Steve},
	year = {2016},
	month = {07},
	date = {2016-07},
	journal = {The Australian and New Zealand Journal of Psychiatry},
	pages = {685--694},
	volume = {50},
	number = {7},
	doi = {10.1177/0004867415615947},
	note = {PMID: 26560842},
	langid = {eng}
}

@article{denis2019,
	title = {Oral health in schizophrenia patients: A French Multicenter Cross-Sectional Study},
	author = {Denis, Frederic and Milleret, {Gérard} and Wallenhorst, Thomas and Carpentier, Maud and Rude, Nathalie and Trojak, Benoit},
	year = {2019},
	month = {02},
	date = {2019-02},
	journal = {Presse Medicale (Paris, France: 1983)},
	pages = {e89--e99},
	volume = {48},
	number = {2},
	doi = {10.1016/j.lpm.2018.06.018},
	note = {PMID: 30853291},
	langid = {eng}
}

@article{grinshpoon2015,
	title = {Dental Health and the Type of Antipsychotic Treatment in Inpatients with Schizophrenia},
	author = {Grinshpoon, Alexander and Zusman, Shlomo P. and Weizman, Abraham and Ponizovsky, Alexander M.},
	year = {2015},
	date = {2015},
	journal = {The Israel Journal of Psychiatry and Related Sciences},
	pages = {114--118},
	volume = {52},
	number = {2},
	note = {PMID: 26431415},
	langid = {eng}
}

@article{friedlander2002,
	title = {The psychopathology, medical management and dental implications of schizophrenia},
	author = {Friedlander, Arthur H. and Marder, Stephen R.},
	year = {2002},
	month = {05},
	date = {2002-05},
	journal = {Journal of the American Dental Association (1939)},
	volume = {133},
	number = {5},
	doi = {10.14219/jada.archive.2002.0236},
	note = {PMID: 12036166},
	langid = {eng}
}

@article{hegde2008,
	title = {Drooling of saliva and its effect on the oral health status of children with cerebral palsy},
	author = {Hegde, Amitha M. and Shetty, Y. Rajmohan and Pani, Sharat Chandra},
	year = {2008},
	date = {2008},
	journal = {The Journal of Clinical Pediatric Dentistry},
	pages = {235--238},
	volume = {32},
	number = {3},
	doi = {10.17796/jcpd.32.3.m48707g132511141},
	note = {PMID: 18524275},
	langid = {eng}
}

@article{eltas2013,
	title = {An assessment of periodontal health in patients with schizophrenia and taking antipsychotic medication: Periodontal health and schizophrenia},
	author = {Eltas, A and {Kartalc{\i}}, {{\c{S}}} and Eltas, {{\c{S}}d} and {Dündar}, S and Uslu, Mo},
	year = {2013},
	month = {05},
	date = {2013-05},
	journal = {International Journal of Dental Hygiene},
	pages = {78--83},
	volume = {11},
	number = {2},
	doi = {10.1111/j.1601-5037.2012.00558.x},
	url = {https://onlinelibrary.wiley.com/doi/10.1111/j.1601-5037.2012.00558.x},
	langid = {en}
}

@article{villa2015,
	title = {Diagnosis and management of xerostomia and hyposalivation},
	author = {Villa, Alessandro and Connell, Christopher L. and Abati, Silvio},
	year = {2015},
	date = {2015},
	journal = {Therapeutics and Clinical Risk Management},
	pages = {45--51},
	volume = {11},
	doi = {10.2147/TCRM.S76282},
	note = {PMID: 25653532
PMCID: PMC4278738},
	langid = {eng}
}

@article{lai2016,
	title = {Comparative risk of oral ulcerations among antipsychotics users - population-based retrospective cohort study},
	author = {Lai, Edward Chia-Cheng and Hsieh, Cheng-Yang and Wong, Monera B. and Lin, Swu-Jane and Yang, Yang-Kuang and Kao Yang, Yea-Huei and Setoguchi, Soko},
	year = {2016},
	month = {02},
	date = {2016-02},
	journal = {Pharmacoepidemiology and Drug Safety},
	pages = {123--132},
	volume = {25},
	number = {2},
	doi = {10.1002/pds.3903},
	note = {PMID: 26549190},
	langid = {eng}
}

@article{fratto2014,
	title = {Use of psychotropic drugs and associated dental diseases},
	author = {Fratto, Giovanni and Manzon, Licia},
	year = {2014},
	date = {2014},
	journal = {International Journal of Psychiatry in Medicine},
	pages = {185--197},
	volume = {48},
	number = {3},
	doi = {10.2190/PM.48.3.d},
	note = {PMID: 25492713},
	langid = {eng}
}

@article{cockburn2017,
	title = {Oral health impacts of medications used to treat mental illness},
	author = {Cockburn, N. and Pradhan, A. and Taing, M.W. and Kisely, S. and Ford, P.J.},
	year = {2017},
	month = {12},
	date = {2017-12},
	journal = {Journal of Affective Disorders},
	pages = {184--193},
	volume = {223},
	doi = {10.1016/j.jad.2017.07.037},
	url = {https://linkinghub.elsevier.com/retrieve/pii/S0165032717309898},
	langid = {en}
}

@article{rajkumar2019,
	title = {Non Pharmacological Management for Xerostomia- A Systematic Review},
	author = {Rajkumar, K and Ramya, R and Swarna, R Lakshmi},
	year = {2019},
	date = {2019},
	journal = {JOURNAL OF CLINICAL AND DIAGNOSTIC RESEARCH},
	doi = {10.7860/JCDR/2019/40168.12974},
	url = {https://jcdr.net/article_fulltext.asp?issn=0973-709x&year=2019&volume=13&issue=7&page=ZE01&issn=0973-709x&id=12974}
}

@article{theunissen2021,
	title = {Local Oral Pilocarpine Drops for Relieving Xerostomia (Dry Mouth) in the Elderly: A Pilot Study},
	author = {Theunissen, Maurice and Rideaux-Seferina, Shanly and Magdelijns, Fabienne J. and Janssen, Daisy J.A. and van den Beuken-van Everdingen, Marieke H.J.},
	year = {2021},
	month = {01},
	date = {2021-01},
	journal = {Journal of the American Medical Directors Association},
	pages = {185--186},
	volume = {22},
	number = {1},
	doi = {10.1016/j.jamda.2020.06.036},
	url = {https://linkinghub.elsevier.com/retrieve/pii/S1525861020305594},
	langid = {en}
}

@article{isaacson2020,
	title = {Sialorrhea in Parkinson's Disease},
	author = {Isaacson, Jonathan and Patel, Sanskruti and Torres-Yaghi, Yasar and {Pagán}, Fernando},
	year = {2020},
	month = {10},
	date = {2020-10-31},
	journal = {Toxins},
	pages = {E691},
	volume = {12},
	number = {11},
	doi = {10.3390/toxins12110691},
	note = {PMID: 33142833
PMCID: PMC7692771},
	langid = {eng}
}

@article{sockalingam2007,
	title = {Clozapine-Induced Hypersalivation: A Review of Treatment Strategies},
	author = {Sockalingam, Sanjeev and Shammi, Chekkera and Remington, Gary},
	year = {2007},
	month = {06},
	date = {2007-06},
	journal = {The Canadian Journal of Psychiatry},
	pages = {377--384},
	volume = {52},
	number = {6},
	doi = {10.1177/070674370705200607},
	url = {http://journals.sagepub.com/doi/10.1177/070674370705200607},
	langid = {en}
}

@article{ben_aryeh1996,
	title = {Salivary flow-rate and composition in schizophrenic patients on clozapine: subjective reports and laboratory data},
	author = {Ben-Aryeh, H. and Jungerman, T. and Szargel, R. and Klein, E. and Laufer, D.},
	year = {1996},
	month = {06},
	date = {1996-06-01},
	journal = {Biological Psychiatry},
	pages = {946--949},
	volume = {39},
	number = {11},
	doi = {10.1016/0006-3223(95)00296-0},
	note = {PMID: 9162206},
	langid = {eng}
}

@article{vasile1995,
	title = {Clozapine and the development of salivary gland swelling: a case study},
	author = {Vasile, J. S. and Steingard, S.},
	year = {1995},
	month = {11},
	date = {1995-11},
	journal = {The Journal of Clinical Psychiatry},
	pages = {511--513},
	volume = {56},
	number = {11},
	note = {PMID: 7592503},
	langid = {eng}
}

@article{immadisetty2012,
	title = {A successful treatment strategy for clozapine-induced parotid swelling: a clinical case and systematic review},
	author = {Immadisetty, Vyasa and Agrawal, Pradeep},
	year = {2012},
	month = {12},
	date = {2012-12},
	journal = {Therapeutic Advances in Psychopharmacology},
	pages = {235--239},
	volume = {2},
	number = {6},
	doi = {10.1177/2045125312455187},
	note = {PMID: 23983982
PMCID: PMC3736957},
	langid = {eng}
}

@article{fioritti1997,
	title = {Choking incidents among psychiatric patients: retrospective analysis of thirty-one cases from the west Bologna psychiatric wards},
	author = {Fioritti, A. and Giaccotto, L. and Melega, V.},
	year = {1997},
	month = {06},
	date = {1997-06},
	journal = {Canadian Journal of Psychiatry. Revue Canadienne De Psychiatrie},
	pages = {515--520},
	volume = {42},
	number = {5},
	doi = {10.1177/070674379704200509},
	note = {PMID: 9220116},
	langid = {eng}
}

@article{crouse2017,
	title = {Dysphagia with second-generation antipsychotics: A case report and review of the literature},
	author = {Crouse, Ericka L. and Alastanos, Jennifer N. and Bozymski, Kevin M. and Toscano, Robert A.},
	year = {2017},
	month = {03},
	date = {2017-03},
	journal = {The Mental Health Clinician},
	pages = {56--64},
	volume = {7},
	number = {2},
	doi = {10.9740/mhc.2017.03.056},
	note = {PMID: 29955499
PMCID: PMC6007670},
	langid = {eng}
}

@article{allen2012,
	title = {Psychiatric Patients Are at Increased Risk of Falling and Choking},
	author = {Allen, Diane E. and de Nesnera, Alexander and Robinson, Deborah A.},
	year = {2012},
	month = {03},
	date = {2012-03},
	journal = {Journal of the American Psychiatric Nurses Association},
	pages = {91--95},
	volume = {18},
	number = {2},
	doi = {10.1177/1078390312440325},
	url = {http://journals.sagepub.com/doi/10.1177/1078390312440325},
	langid = {en}
}

@article{cicala2019,
	title = {A comprehensive review of swallowing difficulties and dysphagia associated with antipsychotics in adults},
	author = {Cicala, Giuseppe and Barbieri, Maria Antonietta and Spina, Edoardo and de Leon, Jose},
	year = {2019},
	month = {03},
	date = {2019-03},
	journal = {Expert Review of Clinical Pharmacology},
	pages = {219--234},
	volume = {12},
	number = {3},
	doi = {10.1080/17512433.2019.1577134},
	note = {PMID: 30700161},
	langid = {eng}
}

@article{visser2014,
	title = {Biological Perspectives: Choking and Antipsychotics: Is This a Significant Concern?},
	author = {Visser, Hannah K. and Wigington, Jennifer L. and Keltner, Norman L. and Kowalski, Peter C.},
	year = {2014},
	month = {04},
	date = {2014-04},
	journal = {Perspectives in Psychiatric Care},
	pages = {79--82},
	volume = {50},
	number = {2},
	doi = {10.1111/ppc.12062},
	url = {https://onlinelibrary.wiley.com/doi/10.1111/ppc.12062},
	langid = {en}
}

@article{wolf2021,
	title = {Prevalence of oropharyngeal dysphagia in geriatric patients and real-life associations with diseases and drugs},
	author = {Wolf, Ursula and Eckert, Sandra and Walter, Grit and Wienke, Andreas and Bartel, Sylva and Plontke, Stefan K. and Naumann, Christina},
	year = {2021},
	month = {12},
	date = {2021-12},
	journal = {Scientific Reports},
	pages = {21955},
	volume = {11},
	number = {1},
	doi = {10.1038/s41598-021-99858-w},
	url = {https://www.nature.com/articles/s41598-021-99858-w},
	langid = {en}
}

@article{chen2018,
	title = {Risk of gastrointestinal Hypomotility in schizophrenia and schizoaffective disorder treated with antipsychotics: A retrospective cohort study},
	author = {Chen, Hsing-Kang and Hsieh, Chia-Jung},
	year = {2018},
	month = {05},
	date = {2018-05},
	journal = {Schizophrenia Research},
	pages = {237--244},
	volume = {195},
	doi = {10.1016/j.schres.2017.10.024},
	note = {PMID: 29107449},
	langid = {eng}
}

@article{kasap2015,
	title = {Schizophrenia and gastroesophageal reflux symptoms},
	author = {Kasap, Elmas and Ayer, Ahmet and {Bozo{\u{g}}lan}, {Hümeyra} and Ozen, Cigdem and Eslek, Ilhan and {Yüceyar}, Hakan},
	year = {2015},
	month = {03},
	date = {2015-03},
	journal = {Indian Journal of Psychiatry},
	pages = {73--77},
	volume = {57},
	number = {1},
	doi = {10.4103/0019-5545.148529},
	note = {PMID: 25657460
PMCID: PMC4314920},
	langid = {eng}
}

@article{vanveggel2013,
	title = {Clozapine and gastro-oesophageal reflux disease (GORD) - an investigation of temporal association},
	author = {van Veggel, M. and Olofinjana, O. and Davies, G. and Taylor, D.},
	year = {2013},
	month = {01},
	date = {2013-01},
	journal = {Acta Psychiatrica Scandinavica},
	pages = {69--77},
	volume = {127},
	number = {1},
	doi = {10.1111/j.1600-0447.2012.01920.x},
	note = {PMID: 22901096},
	langid = {eng}
}

@article{taylor2010,
	title = {Use of antacid medication in patients receiving clozapine: a comparison with other second-generation antipsychotics},
	author = {Taylor, David and Olofinjana, Olubanke and Rahimi, Tamanna},
	year = {2010},
	month = {08},
	date = {2010-08},
	journal = {Journal of Clinical Psychopharmacology},
	pages = {460--461},
	volume = {30},
	number = {4},
	doi = {10.1097/JCP.0b013e3181e5c0f7},
	note = {PMID: 20631564},
	langid = {eng}
}

@article{moustafa1987,
	title = {Decreased bioavailability of some antipsychotic phenothiazines due to interactions with adsorbent antacid and antidiarrhoeal mixtures},
	author = {Moustafa, Mamdouh A. and Babhair, Salim A. and Kouta, Hossny I.},
	year = {1987},
	month = {05},
	date = {1987-05},
	journal = {International Journal of Pharmaceutics},
	pages = {185--189},
	volume = {36},
	number = {2-3},
	doi = {10.1016/0378-5173(87)90154-2},
	url = {https://linkinghub.elsevier.com/retrieve/pii/0378517387901542},
	langid = {en}
}

@article{frick2003,
	title = {Omeprazole reduces clozapine plasma concentrations. A case report},
	author = {Frick, A. and Kopitz, J. and Bergemann, N.},
	year = {2003},
	month = {05},
	date = {2003-05},
	journal = {Pharmacopsychiatry},
	pages = {121--123},
	volume = {36},
	number = {3},
	doi = {10.1055/s-2003-39980},
	note = {PMID: 12806570},
	langid = {eng}
}

@article{aziz2020,
	title = {An approach to the diagnosis and management of Rome IV functional disorders of chronic constipation},
	author = {Aziz, Imran and Whitehead, William E and Palsson, Olafur S and {Törnblom}, Hans and {Simrén}, Magnus},
	year = {2020},
	month = {01},
	date = {2020-01-02},
	journal = {Expert Review of Gastroenterology & Hepatology},
	pages = {39--46},
	volume = {14},
	number = {1},
	doi = {10.1080/17474124.2020.1708718},
	url = {https://www.tandfonline.com/doi/full/10.1080/17474124.2020.1708718},
	langid = {en}
}


@article{dehert_constipation_2011,
	title = {Second-generation antipsychotics and constipation: a review of the literature},
	volume = {26},
	issn = {1778-3585},
	shorttitle = {Second-generation antipsychotics and constipation},
	doi = {10.1016/j.eurpsy.2010.03.003},
	language = {eng},
	number = {1},
	journal = {European Psychiatry: The Journal of the Association of European Psychiatrists},
	author = {De Hert, M. and Hudyana, H. and Dockx, L. and Bernagie, C. and Sweers, K. and Tack, J. and Leucht, S. and Peuskens, J.},
	month = jan,
	year = {2011},
	pmid = {20542667},
	keywords = {Antipsychotic Agents, Clozapine, Constipation, Humans, Randomized Controlled Trials as Topic},
	pages = {34--44},
}


@article{de_hert_prevalence_2011,
	title = {Prevalence and severity of antipsychotic related constipation in patients with schizophrenia: a retrospective descriptive study},
	volume = {11},
	issn = {1471-230X},
	shorttitle = {Prevalence and severity of antipsychotic related constipation in patients with schizophrenia},
	doi = {10.1186/1471-230X-11-17},
	language = {eng},
	journal = {BMC gastroenterology},
	author = {De Hert, Marc and Dockx, Liesbeth and Bernagie, Chiara and Peuskens, Bie and Sweers, Kim and Leucht, Stefan and Tack, Jan and Van de Straete, Stefan and Wampers, Martien and Peuskens, Joseph},
	month = mar,
	year = {2011},
	pmid = {21385443},
	pmcid = {PMC3062582},
	keywords = {Adolescent, Adult, Aged, Aged, 80 and over, Antipsychotic Agents, Aripiprazole, Clozapine, Constipation, Enema, Fecal Impaction, Female, Gastrointestinal Agents, Humans, Lactulose, Male, Middle Aged, Piperazines, Polyethylene Glycols, Prevalence, Quinolones, Retrospective Studies, Risperidone, Schizophrenia, Severity of Illness Index, Young Adult},
	pages = {17},
	file = {Full Text:/Users/anselm/Zotero/storage/7N3HJYIB/De Hert et al. - 2011 - Prevalence and severity of antipsychotic related c.pdf:application/pdf},
}


@article{koizumi2013,
	title = {Oversight of constipation in inpatients with schizophrenia: a cross-sectional study},
	author = {Koizumi, Teruki and Uchida, Hiroyuki and Suzuki, Takefumi and Sakurai, Hitoshi and Tsunoda, Kenichi and Nishimoto, Masahiko and Ishigaki, Tatsuya and Goto, Akiko and Mimura, Masaru},
	year = {2013},
	month = {12},
	date = {2013-12},
	journal = {General Hospital Psychiatry},
	pages = {649--652},
	volume = {35},
	number = {6},
	doi = {10.1016/j.genhosppsych.2013.06.007},
	note = {PMID: 23871089},
	langid = {eng}
}

@article{everypalmer2019,
	title = {Effects of Clozapine on the Gut: Cross-Sectional Study of Delayed Gastric Emptying and Small and Large Intestinal Dysmotility},
	author = {Every-Palmer, Susanna and Inns, Stephen J. and Grant, Eve and Ellis, Pete M.},
	year = {2019},
	month = {01},
	date = {2019-01},
	journal = {CNS drugs},
	pages = {81--91},
	volume = {33},
	number = {1},
	doi = {10.1007/s40263-018-0587-4},
	note = {PMID: 30456745},
	langid = {eng}
}

@article{everypalmer2016,
	title = {Clozapine-treated Patients Have Marked Gastrointestinal Hypomotility, the Probable Basis of Life-threatening Gastrointestinal Complications: A Cross Sectional Study},
	author = {Every-Palmer, Susanna and Nowitz, Mike and Stanley, James and Grant, Eve and Huthwaite, Mark and Dunn, Helen and Ellis, Pete M.},
	year = {2016},
	month = {03},
	date = {2016-03},
	journal = {EBioMedicine},
	pages = {125--134},
	volume = {5},
	doi = {10.1016/j.ebiom.2016.02.020},
	note = {PMID: 27077119
PMCID: PMC4816835},
	langid = {eng}
}

@article{xu2021,
	title = {Antipsychotic-Induced Constipation: A Review of the Pathogenesis, Clinical Diagnosis, and Treatment},
	author = {Xu, Yue and Amdanee, Nousayhah and Zhang, Xiangrong},
	year = {2021},
	month = {12},
	date = {2021-12},
	journal = {CNS Drugs},
	pages = {1265--1274},
	volume = {35},
	number = {12},
	doi = {10.1007/s40263-021-00859-0},
	url = {https://link.springer.com/10.1007/s40263-021-00859-0},
	langid = {en}
}

@article{palmer2008,
	title = {Life-threatening clozapine-induced gastrointestinal hypomotility: an analysis of 102 cases},
	author = {Palmer, Susanna E. and McLean, Rachael M. and Ellis, Peter M. and Harrison-Woolrych, Mira},
	year = {2008},
	month = {05},
	date = {2008-05},
	journal = {The Journal of Clinical Psychiatry},
	pages = {759--768},
	volume = {69},
	number = {5},
	doi = {10.4088/jcp.v69n0509},
	note = {PMID: 18452342},
	langid = {eng}
}

@article{nielsen2012,
	title = {Risk factors for ileus in patients with schizophrenia},
	author = {Nielsen, Jimmi and Meyer, Jonathan M.},
	year = {2012},
	month = {05},
	date = {2012-05},
	journal = {Schizophrenia Bulletin},
	pages = {592--598},
	volume = {38},
	number = {3},
	doi = {10.1093/schbul/sbq137},
	note = {PMID: 21112965
PMCID: PMC3329981},
	langid = {eng}
}

@article{shah2013,
	title = {Clozapine-induced ischaemic colitis},
	author = {Shah, Veer and Anderson, Jacqueline},
	year = {2013},
	month = {01},
	date = {2013-01-22},
	journal = {BMJ case reports},
	pages = {bcr2012007933},
	volume = {2013},
	doi = {10.1136/bcr-2012-007933},
	note = {PMID: 23345490
PMCID: PMC3604518},
	langid = {eng}
}

@article{chalasani2010,
	title = {Risk factors for idiosyncratic drug-induced liver injury},
	author = {Chalasani, Naga and {Björnsson}, Einar},
	year = {2010},
	month = {06},
	date = {2010-06},
	journal = {Gastroenterology},
	pages = {2246--2259},
	volume = {138},
	number = {7},
	doi = {10.1053/j.gastro.2010.04.001},
	note = {PMID: 20394749
PMCID: PMC3157241},
	langid = {eng}
}

@article{deabajo2004,
	title = {Acute and clinically relevant drug-induced liver injury: a population based case-control study},
	author = {de Abajo, Francisco J. and Montero, Dolores and Madurga, Mariano and {García Rodríguez}, Luis A.},
	year = {2004},
	month = {07},
	date = {2004-07},
	journal = {British Journal of Clinical Pharmacology},
	pages = {71--80},
	volume = {58},
	number = {1},
	doi = {10.1111/j.1365-2125.2004.02133.x},
	note = {PMID: 15206996
PMCID: PMC1884531},
	langid = {eng}
}

@article{selim1999,
	title = {Hepatotoxicity of psychotropic drugs},
	author = {Selim, K. and Kaplowitz, N.},
	year = {1999},
	month = {05},
	date = {1999-05},
	journal = {Hepatology (Baltimore, Md.)},
	pages = {1347--1351},
	volume = {29},
	number = {5},
	doi = {10.1002/hep.510290535},
	note = {PMID: 10216114},
	langid = {eng}
}

@article{tellescorreia2017,
	title = {Psychotropic drugs and liver disease: A critical review of pharmacokinetics and liver toxicity},
	author = {Telles-Correia, Diogo and Barbosa, {António} and Cortez-Pinto, Helena and Campos, Carlos and Rocha, Nuno B. F. and Machado, {Sérgio}},
	year = {2017},
	month = {02},
	date = {2017-02-06},
	journal = {World Journal of Gastrointestinal Pharmacology and Therapeutics},
	pages = {26--38},
	volume = {8},
	number = {1},
	doi = {10.4292/wjgpt.v8.i1.26},
	note = {PMID: 28217372
PMCID: PMC5292604},
	langid = {eng}
}

@article{regal1987,
	title = {Phenothiazine-induced cholestatic jaundice},
	author = {Regal, R. E. and Billi, J. E. and Glazer, H. M.},
	year = {1987},
	month = {10},
	date = {1987-10},
	journal = {Clinical Pharmacy},
	pages = {787--794},
	volume = {6},
	number = {10},
	note = {PMID: 2905941},
	langid = {eng}
}

@article{marwick2012,
	title = {Antipsychotics and abnormal liver function tests:  systematic review},
	author = {Marwick, Katie F. M. and Taylor, Mark and Walker, Simon W.},
	year = {2012},
	month = {10},
	date = {2012-10},
	journal = {Clinical Neuropharmacology},
	pages = {244--253},
	volume = {35},
	number = {5},
	doi = {10.1097/WNF.0b013e31826818b6},
	note = {PMID: 22986798},
	langid = {eng}
}

@article{gaertner2001,
	title = {Relevance of liver enzyme elevations with four different neuroleptics: a retrospective review of 7,263 treatment courses},
	author = {Gaertner, I. and Altendorf, K. and Batra, A. and Gaertner, H. J.},
	year = {2001},
	month = {04},
	date = {2001-04},
	journal = {Journal of Clinical Psychopharmacology},
	pages = {215--222},
	volume = {21},
	number = {2},
	doi = {10.1097/00004714-200104000-00014},
	note = {PMID: 11270919},
	langid = {eng}
}

@article{koller2003,
	title = {Pancreatitis associated with atypical antipsychotics: from the Food and Drug Administration's MedWatch surveillance system and published reports},
	author = {Koller, Elizabeth A. and Cross, James T. and Doraiswamy, P. Murali and Malozowski, Saul N.},
	year = {2003},
	month = {09},
	date = {2003-09},
	journal = {Pharmacotherapy},
	pages = {1123--1130},
	volume = {23},
	number = {9},
	doi = {10.1592/phco.23.10.1123.32759},
	note = {PMID: 14524644},
	langid = {eng}
}

@article{kawabe2014,
	title = {A case of acute pancreatitis associated with risperidone treatment},
	author = {Kawabe, Kentaro and Ueno, Shu-Ichi},
	year = {2014},
	month = {04},
	date = {2014-04},
	journal = {Clinical Psychopharmacology and Neuroscience: The Official Scientific Journal of the Korean College of Neuropsychopharmacology},
	pages = {67--68},
	volume = {12},
	number = {1},
	doi = {10.9758/cpn.2014.12.1.67},
	note = {PMID: 24851124
PMCID: PMC4022769},
	langid = {eng}
}

@article{silva2016,
	title = {Acute Pancreatitis Associated With Antipsychotic Medication: Evaluation of Clinical Features, Treatment, and Polypharmacy in a Series of Cases},
	author = {Silva, Matthew A. and Key, Sujin and Han, Edward and Malloy, Michael J.},
	year = {2016},
	month = {04},
	date = {2016-04},
	journal = {Journal of Clinical Psychopharmacology},
	pages = {169--172},
	volume = {36},
	number = {2},
	doi = {10.1097/JCP.0000000000000459},
	note = {PMID: 26859276},
	langid = {eng}
}

@article{ismail2017,
	title = {Lipase or amylase for the diagnosis of acute pancreatitis?},
	author = {Ismail, Ola Z. and Bhayana, Vipin},
	year = {2017},
	month = {12},
	date = {2017-12},
	journal = {Clinical Biochemistry},
	pages = {1275--1280},
	volume = {50},
	number = {18},
	doi = {10.1016/j.clinbiochem.2017.07.003},
	note = {PMID: 28720341},
	langid = {eng}
}

@article{voudris2006,
	title = {Serum total amylase, pancreatic amylase and lipase activities in epileptic children treated with sodium valproate monotherapy},
	author = {Voudris, Konstantinos and Attilakos, Achilleas and Katsarou, Eustathia and Mastroyianni, Sotiria and Dimou, Stamatia and Skardoutsou, Angeliki and Prassouli, Alexia and Garoufi, Anastasia},
	year = {2006},
	month = {10},
	date = {2006-10},
	journal = {Brain & Development},
	pages = {572--575},
	volume = {28},
	number = {9},
	doi = {10.1016/j.braindev.2006.04.002},
	note = {PMID: 16730152},
	langid = {eng}
}

@article{bergemann1999,
	title = {Asymptomatic pancreatitis associated with clozapine},
	author = {Bergemann, N. and Ehrig, C. and Diebold, K. and Mundt, C. and von Einsiedel, R.},
	year = {1999},
	month = {03},
	date = {1999-03},
	journal = {Pharmacopsychiatry},
	pages = {78--80},
	volume = {32},
	number = {2},
	doi = {10.1055/s-2007-979197},
	note = {PMID: 10333168},
	langid = {eng}
}
