
@article{steck1954,
	title = {[Extrapyramidal and diencephalic syndrome in the course of largactil and serpasil treatments]},
	author = {Steck, H.},
	year = {1954},
	month = {12},
	date = {1954-12},
	journal = {Annales Medico-Psychologiques},
	pages = {737--744},
	volume = {112},
	number = {2 5},
	note = {PMID: 14362101},
	langid = {fre}
}

@article{haase1954,
	title = {[Occurrence and interpretation of psychomotor parkinsonism in megaphen or largactil prolonged therapy]},
	author = {Haase, H. J.},
	year = {1954},
	month = {12},
	date = {1954-12-20},
	journal = {Der Nervenarzt},
	pages = {486--492},
	volume = {25},
	number = {12},
	note = {PMID: 14356297},
	langid = {ger}
}

@article{kurlan2013,
	title = {Pseudoparkinsonism: A review of a common nonparkinsonian hypokinetic movement disorder},
	author = {Kurlan, Roger and Rabin, Marcie L.},
	year = {2013},
	date = {2013},
	journal = {Advances in Parkinson's Disease},
	pages = {108--112},
	volume = {02},
	number = {04},
	doi = {10.4236/apd.2013.24020},
	url = {http://www.scirp.org/journal/doi.aspx?DOI=10.4236/apd.2013.24020}
}

@article{haase1974,
	title = {The Clinical Importance of the Neuroleptic Threshold and its Fine Motor Determination by the Handwriting Test},
	author = {Haase, H J and Floru, L},
	year = {1974},
	month = {09},
	date = {1974-09},
	journal = {Journal of International Medical Research},
	pages = {321--330},
	volume = {2},
	number = {5},
	doi = {10.1177/030006057400200502},
	url = {http://journals.sagepub.com/doi/10.1177/030006057400200502},
	langid = {en}
}

@article{mcevoy1991,
	title = {Optimal Dose of Neuroleptic in Acute Schizophrenia: A Controlled Study of the Neuroleptic Threshold and Higher Haloperidol Dose},
	author = {McEvoy, Joseph P.},
	year = {1991},
	month = {08},
	date = {1991-08-01},
	journal = {Archives of General Psychiatry},
	pages = {739},
	volume = {48},
	number = {8},
	doi = {10.1001/archpsyc.1991.01810320063009},
	url = {http://archpsyc.jamanetwork.com/article.aspx?doi=10.1001/archpsyc.1991.01810320063009},
	langid = {en}
}

@article{guttmacher1964,
	title = {PHENOTHIAZINE TREATMENT IN ACUTE SCHIZOPHRENIA; EFFECTIVENESS: THE NATIONAL   INSTITUTE OF MENTAL HEALTH PSYCHOPHARMACOLOGY SERVICE CENTER COLLABORATIVE STUDY GROUP},
	author = {Guttmacher, M. S.},
	year = {1964},
	month = {03},
	date = {1964-03},
	journal = {Archives of General Psychiatry},
	pages = {246--261},
	volume = {10},
	note = {PMID: 14089354},
	langid = {eng}
}

@article{wang2015,
	title = {Direct and indirect pathways of the basal ganglia: opponents or collaborators?},
	author = {Wang, Kainan S. and McClure, John P. and Alselehdar, Samar K. and Kanta, Vasiliki},
	year = {2015},
	month = {03},
	date = {2015-03-02},
	journal = {Frontiers in Neuroanatomy},
	volume = {9},
	doi = {10.3389/fnana.2015.00020},
	url = {http://journal.frontiersin.org/Article/10.3389/fnana.2015.00020/abstract}
}

@article{ali2021,
	title = {Antipsychotic-induced extrapyramidal side effects: A systematic review and meta-analysis of observational studies},
	author = {Ali, Tilahun and Sisay, Mekonnen and Tariku, Mandaras and Mekuria, Abraham Nigussie and Desalew, Assefa},
	editor = {Gonda, Xenia},
	year = {2021},
	month = {09},
	date = {2021-09-10},
	journal = {PLOS ONE},
	pages = {e0257129},
	volume = {16},
	number = {9},
	doi = {10.1371/journal.pone.0257129},
	url = {https://dx.plos.org/10.1371/journal.pone.0257129},
	langid = {en}
}

@article{hedenmalm2006,
	title = {Risk factors for extrapyramidal symptoms during treatment with selective serotonin reuptake inhibitors, including cytochrome P-450 enzyme, and serotonin and dopamine transporter and receptor polymorphisms},
	author = {Hedenmalm, Karin and {Güzey}, {Cüneyt} and Dahl, Marja-Liisa and Yue, Qun-Ying and Spigset, Olav},
	year = {2006},
	month = {04},
	date = {2006-04},
	journal = {Journal of Clinical Psychopharmacology},
	pages = {192--197},
	volume = {26},
	number = {2},
	doi = {10.1097/01.jcp.0000203200.96205.34},
	note = {PMID: 16633151},
	langid = {eng}
}

@article{misdrahi2019,
	title = {Prevalence of and Risk Factors for Extrapyramidal Side Effects of Antipsychotics: Results From the National FACE-SZ Cohort},
	author = {Misdrahi, David and Tessier, Arnaud and Daubigney, Antoine and Meissner, Wassilios G. and Schurhoff, Franck and Boyer, Laurent and Godin, {Ophélia} and Bulzacka, Ewa and Aouizerate, Bruno and Andrianarisoa, Meja and Berna, Fabrice and Capdevielle, Delphine and Chereau-Boudet, Isabelle and {D'Amato}, Thierry and Dubertret, Caroline and Dubreucq, Julien and Faget-Agius, Catherine and {Lançon}, Christophe and Mallet, Jasmina and Passerieux, Christine and Rey, Romain and Schandrin, {Aurélie} and Urbach, Mathieu and Vidailhet, Pierre and Llorca, Pierre-Michel and Fond, Guillaume and {FACE-SZ (FondaMental Academic Centers of Expertise for Schizophrenia) Group}, },
	year = {2019},
	month = {01},
	date = {2019-01-08},
	journal = {The Journal of Clinical Psychiatry},
	pages = {18m12246},
	volume = {80},
	number = {1},
	doi = {10.4088/JCP.18m12246},
	note = {PMID: 30695288},
	langid = {eng}
}

@article{schwartz2004,
	title = {Antipsychotic-induced rabbit syndrome: epidemiology, management and pathophysiology},
	author = {Schwartz, Miguel and Hocherman, Shraga},
	year = {2004},
	date = {2004},
	journal = {CNS drugs},
	pages = {213--220},
	volume = {18},
	number = {4},
	doi = {10.2165/00023210-200418040-00002},
	note = {PMID: 15015902},
	langid = {eng}
}

@article{yagmur2010,
	title = {Acute respiratory distress due to antipsychotic drugs},
	author = {Yagmur, F. and Ulusoy, H. B. and Buyukoglan, H. and Kaya, M. G.},
	year = {2010},
	month = {05},
	date = {2010-05},
	journal = {Pharmacopsychiatry},
	pages = {118--119},
	volume = {43},
	number = {3},
	doi = {10.1055/s-0029-1242822},
	note = {PMID: 20446229},
	langid = {eng}
}

@article{loonen2021,
	title = {Neurobiological mechanisms associated with antipsychotic drug-induced dystonia},
	author = {Loonen, Anton JM and Ivanova, Svetlana A},
	year = {2021},
	month = {01},
	date = {2021-01},
	journal = {Journal of Psychopharmacology},
	pages = {3--14},
	volume = {35},
	number = {1},
	doi = {10.1177/0269881120944156},
	url = {http://journals.sagepub.com/doi/10.1177/0269881120944156},
	langid = {en}
}

@article{ahmed1998,
	title = {Clozapine withdrawal-emergent dystonias and dyskinesias: a case series},
	author = {Ahmed, S. and Chengappa, K. N. and Naidu, V. R. and Baker, R. W. and Parepally, H. and Schooler, N. R.},
	year = {1998},
	month = {09},
	date = {1998-09},
	journal = {The Journal of Clinical Psychiatry},
	pages = {472--477},
	volume = {59},
	number = {9},
	doi = {10.4088/jcp.v59n0906},
	note = {PMID: 9771818},
	langid = {eng}
}

@article{sachdev1993,
	title = {Tardive and chronically recurrent oculogyric crises},
	author = {Sachdev, P.},
	year = {1993},
	date = {1993},
	journal = {Movement Disorders: Official Journal of the Movement Disorder Society},
	pages = {93--97},
	volume = {8},
	number = {1},
	doi = {10.1002/mds.870080117},
	note = {PMID: 8093550},
	langid = {eng}
}

@article{lee2018,
	title = {Antipsychotic-Induced Pisa Syndrome: A 2-Year Follow-up Study},
	author = {Lee, Yen-Feng},
	year = {2018},
	month = {03},
	date = {2018-03},
	journal = {Clinical Neuropharmacology},
	pages = {60--63},
	volume = {41},
	number = {2},
	doi = {10.1097/WNF.0000000000000274},
	url = {https://journals.lww.com/00002826-201803000-00003},
	langid = {en}
}

@article{barnes1985,
	title = {Akathisia variants and tardive dyskinesia},
	author = {Barnes, T. R. and Braude, W. M.},
	year = {1985},
	month = {09},
	date = {1985-09},
	journal = {Archives of General Psychiatry},
	pages = {874--878},
	volume = {42},
	number = {9},
	doi = {10.1001/archpsyc.1985.01790320042006},
	note = {PMID: 2864031},
	langid = {eng}
}

@article{blaisdell1994,
	title = {Akathisia: a comprehensive review and treatment summary},
	author = {Blaisdell, G. D.},
	year = {1994},
	month = {07},
	date = {1994-07},
	journal = {Pharmacopsychiatry},
	pages = {139--146},
	volume = {27},
	number = {4},
	doi = {10.1055/s-2007-1014294},
	note = {PMID: 7972345},
	langid = {eng}
}

@article{garciaborreguero2014,
	title = {An update on restless legs syndrome (Willis-Ekbom disease): clinical features, pathogenesis and treatment},
	author = {Garcia-Borreguero, Diego and Williams, Anne-Marie},
	year = {2014},
	month = {08},
	date = {2014-08},
	journal = {Current Opinion in Neurology},
	pages = {493--501},
	volume = {27},
	number = {4},
	doi = {10.1097/WCO.0000000000000117},
	url = {https://journals.lww.com/00019052-201408000-00017},
	langid = {en}
}

@article{stahl2011,
	title = {The Mechanism of Drug-induced Akathsia},
	author = {Stahl, Stephen M. and Lonnen, Anton J. M.},
	year = {2011},
	month = {01},
	date = {2011-01-15},
	journal = {CNS spectrums},
	pages = {Stahl},
	note = {PMID: 21406165},
	langid = {eng}
}

@article{zareifopoulos2021,
	title = {Pathophysiology and management of Akathisia 70 years after the introduction of the chlorpromazine, the first antipsychotic},
	author = {Zareifopoulos, N. and Katsaraki, M. and Stratos, P. and Villiotou, V. and Skaltsa, M. and Dimitriou, A. and Karveli, M. and Efthimiou, P. and Lagadinou, M. and Velissaris, D.},
	year = {2021},
	month = {01},
	date = {2021-01},
	journal = {European Review for Medical and Pharmacological Sciences},
	pages = {4746--4756},
	volume = {25},
	number = {14},
	doi = {10.26355/eurrev_202101_26386},
	note = {PMID: 34337722},
	langid = {eng}
}

@article{lohr2015,
	title = {The clinical challenges of akathisia},
	author = {Lohr, James B. and Eidt, Carolyn A. and Abdulrazzaq Alfaraj, Areej and Soliman, Mounir A.},
	year = {2015},
	month = {12},
	date = {2015-12},
	journal = {CNS Spectrums},
	pages = {1--16},
	volume = {20},
	number = {S1},
	doi = {10.1017/S1092852915000838},
	url = {https://www.cambridge.org/core/product/identifier/S1092852915000838/type/journal_article},
	langid = {en}
}


@article{kim_akathisia_2003,
	title = {Prevalence and characteristics of subjective akathisia, objective akathisia, and mixed akathisia in chronic schizophrenic subjects},
	volume = {26},
	issn = {0362-5664},
	doi = {10.1097/00002826-200311000-00010},
	language = {eng},
	number = {6},
	journal = {Clinical Neuropharmacology},
	author = {Kim, Jong-Hoon and Byun, Hee-Jung},
	month = dec,
	year = {2003},
	pmid = {14646611},
	keywords = {Adult, Akathisia, Drug-Induced, Antipsychotic Agents, Basal Ganglia Diseases, Chronic Disease, Dyskinesia, Drug-Induced, Female, Humans, Male, Parkinson Disease, Secondary, Psychiatric Status Rating Scales, Schizophrenia},
	pages = {312--316},
}


@article{munetz1982,
	title = {Akathisia, pseudoakathisia and tardive dyskinesia: clinical examples},
	author = {Munetz, M. R. and Cornes, C. L.},
	year = {1982},
	month = {08},
	date = {1982-08},
	journal = {Comprehensive Psychiatry},
	pages = {345--352},
	volume = {23},
	number = {4},
	doi = {10.1016/0010-440x(82)90084-0},
	note = {PMID: 6126315},
	langid = {eng}
}

@article{brown1987,
	title = {Low serum iron status and akathisia},
	author = {Brown, K. W. and Glen, S. E. and White, T.},
	year = {1987},
	month = {05},
	date = {1987-05-30},
	journal = {Lancet (London, England)},
	pages = {1234--1236},
	volume = {1},
	number = {8544},
	doi = {10.1016/s0140-6736(87)92687-0},
	note = {PMID: 2884371},
	langid = {eng}
}

@article{barton1990,
	title = {Low plasma iron status and akathisia},
	author = {Barton, A. and Bowie, J. and Ebmeier, K.},
	year = {1990},
	month = {08},
	date = {1990-08},
	journal = {Journal of Neurology, Neurosurgery, and Psychiatry},
	pages = {671--674},
	volume = {53},
	number = {8},
	doi = {10.1136/jnnp.53.8.671},
	note = {PMID: 1976763
PMCID: PMC488169},
	langid = {eng}
}

@article{kuloglu2003,
	title = {Serum iron levels in schizophrenic patients with or without akathisia},
	author = {Kuloglu, Murat and Atmaca, Murad and {Ustündag}, Bilal and Canatan, Halit and Gecici, Omer and Tezcan, Ertan},
	year = {2003},
	month = {03},
	date = {2003-03},
	journal = {European Neuropsychopharmacology: The Journal of the European College of Neuropsychopharmacology},
	pages = {67--71},
	volume = {13},
	number = {2},
	doi = {10.1016/s0924-977x(02)00073-1},
	note = {PMID: 12650948},
	langid = {eng}
}

@article{cotter2007,
	title = {Improvement in neuroleptic-induced akathisia with intravenous iron treatment in a patient with iron deficiency},
	author = {Cotter, Paul E. and {O'Keeffe}, Shaun T.},
	year = {2007},
	month = {05},
	date = {2007-05},
	journal = {Journal of Neurology, Neurosurgery, and Psychiatry},
	pages = {548},
	volume = {78},
	number = {5},
	doi = {10.1136/jnnp.2006.101014},
	note = {PMID: 17435196
PMCID: PMC2117825},
	langid = {eng}
}

@article{barnes1992,
	title = {Relationship between iron status and chronic akathisia in an in-patient population with chronic schizophrenia},
	author = {Barnes, T. R. and Halstead, S. M. and Little, P. W.},
	year = {1992},
	month = {12},
	date = {1992-12},
	journal = {The British Journal of Psychiatry: The Journal of Mental Science},
	pages = {791--796},
	volume = {161},
	doi = {10.1192/bjp.161.6.791},
	note = {PMID: 1362369},
	langid = {eng}
}

@article{demyttenaere2019,
	title = {Medication-Induced Akathisia with Newly Approved Antipsychotics in Patients with a Severe Mental Illness: A Systematic Review and Meta-Analysis},
	author = {Demyttenaere, Koen and Detraux, Johan and Racagni, Giorgio and Vansteelandt, Kristof},
	year = {2019},
	month = {06},
	date = {2019-06},
	journal = {CNS drugs},
	pages = {549--566},
	volume = {33},
	number = {6},
	doi = {10.1007/s40263-019-00625-3},
	note = {PMID: 31065941},
	langid = {eng}
}

@article{musco2020,
	title = {Dopamine-receptor blocking agent-associated akathisia: a summary of current understanding and proposal for a rational approach to treatment},
	author = {Musco, Shaina and McAllister, Vivian and Caudle, Ian},
	year = {2020},
	month = {01},
	date = {2020-01},
	journal = {Therapeutic Advances in Psychopharmacology},
	pages = {204512532093757},
	volume = {10},
	doi = {10.1177/2045125320937575},
	url = {http://journals.sagepub.com/doi/10.1177/2045125320937575},
	langid = {en}
}

@article{adler1993,
	title = {A controlled comparison of the effects of propranolol, benztropine, and placebo on akathisia: an interim analysis},
	author = {Adler, L. A. and Peselow, E. and Rosenthal, M. and Angrist, B.},
	year = {1993},
	date = {1993},
	journal = {Psychopharmacology Bulletin},
	pages = {283--286},
	volume = {29},
	number = {2},
	note = {PMID: 8290678},
	langid = {eng}
}

@article{poyurovsky2010,
	title = {Acute antipsychotic-induced akathisia revisited},
	author = {Poyurovsky, Michael},
	year = {2010},
	month = {02},
	date = {2010-02},
	journal = {The British Journal of Psychiatry: The Journal of Mental Science},
	pages = {89--91},
	volume = {196},
	number = {2},
	doi = {10.1192/bjp.bp.109.070540},
	note = {PMID: 20118449},
	langid = {eng}
}

@article{poyurovsky2001,
	title = {Mirtazapine for neuroleptic-induced akathisia},
	author = {Poyurovsky, M. and Weizman, A.},
	year = {2001},
	month = {05},
	date = {2001-05},
	journal = {The American Journal of Psychiatry},
	pages = {819},
	volume = {158},
	number = {5},
	doi = {10.1176/appi.ajp.158.5.819},
	note = {PMID: 11329417},
	langid = {eng}
}

@article{poyurovsky2003,
	title = {Efficacy of low-dose mirtazapine in neuroleptic-induced akathisia: a double-blind randomized placebo-controlled pilot study},
	author = {Poyurovsky, Michael and Epshtein, Svetlana and Fuchs, Camil and Schneidman, Michael and Weizman, Ronit and Weizman, Abraham},
	year = {2003},
	month = {06},
	date = {2003-06},
	journal = {Journal of Clinical Psychopharmacology},
	pages = {305--308},
	volume = {23},
	number = {3},
	doi = {10.1097/01.jcp.0000084027.22282.16},
	note = {PMID: 12826992},
	langid = {eng}
}

@article{praharaj2015,
	title = {Mirtazapine for antipsychotic-induced acute akathisia: a systematic review and meta-analysis of randomized placebo-controlled trials},
	author = {Praharaj, Samir Kumar and Kongasseri, Sreejayan and Behere, Rishikesh V. and Sharma, Podila Satya Venkata Narasimha},
	year = {2015},
	month = {10},
	date = {2015-10},
	journal = {Therapeutic Advances in Psychopharmacology},
	pages = {307--313},
	volume = {5},
	number = {5},
	doi = {10.1177/2045125315601343},
	note = {PMID: 26557987
PMCID: PMC4622124},
	langid = {eng}
}

@article{pringsheim2018,
	title = {The Assessment and Treatment of Antipsychotic-Induced Akathisia},
	author = {Pringsheim, Tamara and Gardner, David and Addington, Donald and Martino, Davide and Morgante, Francesca and Ricciardi, Lucia and Poole, Norman and Remington, Gary and Edwards, Mark and Carson, Alan and Barnes, Thomas R. E.},
	year = {2018},
	month = {11},
	date = {2018-11},
	journal = {The Canadian Journal of Psychiatry},
	pages = {719--729},
	volume = {63},
	number = {11},
	doi = {10.1177/0706743718760288},
	url = {http://journals.sagepub.com/doi/10.1177/0706743718760288},
	langid = {en}
}

@article{murphy1979,
	title = {Efficacy of antiparkinson agents in preventing antipsychotic-induced extrapyramidal symptoms},
	author = {Murphy, J. E. and Stewart, R. B.},
	year = {1979},
	month = {05},
	date = {1979-05},
	journal = {American Journal of Hospital Pharmacy},
	pages = {641--644},
	volume = {36},
	number = {5},
	note = {PMID: 36755},
	langid = {eng}
}

@article{desmarais2012,
	title = {Anticholinergics in the era of atypical antipsychotics: short-term or long-term treatment?},
	author = {Desmarais, Julie Eve and Beauclair, Linda and Margolese, Howard C.},
	year = {2012},
	month = {09},
	date = {2012-09},
	journal = {Journal of Psychopharmacology (Oxford, England)},
	pages = {1167--1174},
	volume = {26},
	number = {9},
	doi = {10.1177/0269881112447988},
	note = {PMID: 22651987},
	langid = {eng}
}

@article{dimascio1976,
	title = {A controlled trial of amantadine in drug-induced extrapyramidal disorders},
	author = {DiMascio, A. and Bernardo, D. L. and Greenblatt, D. J. and Marder, J. E.},
	year = {1976},
	month = {05},
	date = {1976-05},
	journal = {Archives of General Psychiatry},
	pages = {599--602},
	volume = {33},
	number = {5},
	doi = {10.1001/archpsyc.1976.01770050055008},
	note = {PMID: 5066},
	langid = {eng}
}

@article{kelly1974,
	title = {A double-blind study of amantadine hydrochloride versus benztropine mesylate in drug-induced parkinsonism},
	author = {Kelly, J. T. and Zimmermann, R. L. and Abuzzahab, F. S. and Schiele, B. C.},
	year = {1974},
	date = {1974},
	journal = {Pharmacology},
	pages = {65--73},
	volume = {12},
	number = {2},
	doi = {10.1159/000136523},
	note = {PMID: 4610599},
	langid = {eng}
}

@article{nestelbaum1986,
	title = {Exacerbation of schizophrenia associated with amantadine},
	author = {Nestelbaum, Zamir},
	year = {1986},
	month = {09},
	date = {1986-09},
	journal = {American Journal of Psychiatry},
	pages = {1170--1171},
	volume = {143},
	number = {9},
	doi = {10.1176/ajp.143.9.1170},
	url = {http://psychiatryonline.org/doi/abs/10.1176/ajp.143.9.1170},
	langid = {en}
}

@article{burgyone2004,
	title = {The use of antiparkinsonian agents in the management of drug-induced extrapyramidal symptoms},
	author = {Burgyone, K. and Aduri, K. and Ananth, J. and Parameswaran, S.},
	year = {2004},
	date = {2004},
	journal = {Current Pharmaceutical Design},
	pages = {2239--2248},
	volume = {10},
	number = {18},
	doi = {10.2174/1381612043384123},
	note = {PMID: 15281899},
	langid = {eng}
}

@article{desmarais2014,
	title = {Effects of discontinuing anticholinergic treatment on movement disorders, cognition and psychopathology in patients with schizophrenia},
	author = {Desmarais, Julie Eve and Beauclair, Linda and Annable, Lawrence and {Bélanger}, Marie-Claire and Kolivakis, Theodore T. and Margolese, Howard C.},
	year = {2014},
	month = {12},
	date = {2014-12},
	journal = {Therapeutic Advances in Psychopharmacology},
	pages = {257--267},
	volume = {4},
	number = {6},
	doi = {10.1177/2045125314553611},
	note = {PMID: 25489477
PMCID: PMC4257986},
	langid = {eng}
}

@article{ogino2014,
	title = {Benefits and limits of anticholinergic use in schizophrenia: focusing on its effect on cognitive function},
	author = {Ogino, Shin and Miyamoto, Seiya and Miyake, Nobumi and Yamaguchi, Noboru},
	year = {2014},
	month = {01},
	date = {2014-01},
	journal = {Psychiatry and Clinical Neurosciences},
	pages = {37--49},
	volume = {68},
	number = {1},
	doi = {10.1111/pcn.12088},
	note = {PMID: 24102938},
	langid = {eng}
}

@article{eum2017,
	title = {Cognitive burden of anticholinergic medications in psychotic disorders},
	author = {Eum, Seenae and Hill, S. Kristian and Rubin, Leah H. and Carnahan, Ryan M. and Reilly, James L. and Ivleva, Elena I. and Keedy, Sarah K. and Tamminga, Carol A. and Pearlson, Godfrey D. and Clementz, Brett A. and Gershon, Elliot S. and Keshavan, Matcheri S. and Keefe, Richard S. E. and Sweeney, John A. and Bishop, Jeffrey R.},
	year = {2017},
	month = {12},
	date = {2017-12},
	journal = {Schizophrenia Research},
	pages = {129--135},
	volume = {190},
	doi = {10.1016/j.schres.2017.03.034},
	note = {PMID: 28390849
PMCID: PMC5628100},
	langid = {eng}
}

@article{cutino2020,
	title = {Prescription of Anticholinergics in Tardive Syndromes: A {\textquotedblleft}Dual Center{\textquotedblright} Survey among Psychiatrists},
	author = {Cutino, Anna and Bhidayasiri, Roongroj and Colosimo, Carlo},
	editor = {Pisani, Antonio},
	year = {2020},
	month = {11},
	date = {2020-11-22},
	journal = {Parkinson's Disease},
	pages = {1--4},
	volume = {2020},
	doi = {10.1155/2020/8870945},
	url = {https://www.hindawi.com/journals/pd/2020/8870945/},
	langid = {en}
}

@article{klawans1974,
	title = {Effect of cholinergic and anticholinergic agents on tardive dyskinesia},
	author = {Klawans, H. L. and Rubovits, R.},
	year = {1974},
	month = {08},
	date = {1974-08-01},
	journal = {Journal of Neurology, Neurosurgery & Psychiatry},
	pages = {941--947},
	volume = {37},
	number = {8},
	doi = {10.1136/jnnp.37.8.941},
	url = {https://jnnp.bmj.com/lookup/doi/10.1136/jnnp.37.8.941},
	langid = {en}
}

@article{pappa2010,
	title = {Effects of amantadine on tardive dyskinesia: a randomized, double-blind, placebo-controlled study},
	author = {Pappa, Sofia and Tsouli, Sofia and Apostolou, George and Mavreas, Venetsanos and Konitsiotis, Spiridon},
	year = {2010},
	month = {12},
	date = {2010-12},
	journal = {Clinical Neuropharmacology},
	pages = {271--275},
	volume = {33},
	number = {6},
	doi = {10.1097/wnf.0b013e3181ffde32},
	note = {PMID: 21121175},
	langid = {eng}
}

@article{grace1997,
	title = {Benztropine abuse and overdose--case report and review},
	author = {Grace, R. F.},
	year = {1997},
	month = {06},
	date = {1997-06},
	journal = {Adverse Drug Reactions and Toxicological Reviews},
	pages = {103--112},
	volume = {16},
	number = {2},
	note = {PMID: 9359932},
	langid = {eng}
}

@article{lópezálvarez2019,
	title = {Anticholinergic Drugs in Geriatric Psychopharmacology},
	author = {{López-Álvarez}, Jorge and Sevilla-Llewellyn-Jones, Julia and {Agüera-Ortiz}, Luis},
	year = {2019},
	month = {12},
	date = {2019-12-06},
	journal = {Frontiers in Neuroscience},
	pages = {1309},
	volume = {13},
	doi = {10.3389/fnins.2019.01309},
	url = {https://www.frontiersin.org/article/10.3389/fnins.2019.01309/full}
}

@article{kulik1982,
	title = {Delirium and stereotypy from anticholinergic antiparkinson drugs},
	author = {Kulik, A. V. and Wilbur, R.},
	year = {1982},
	date = {1982},
	journal = {Progress in Neuro-Psychopharmacology & Biological Psychiatry},
	pages = {75--82},
	volume = {6},
	number = {1},
	doi = {10.1016/s0364-7722(82)80110-0},
	note = {PMID: 7202232},
	langid = {eng}
}
