
@article{flaherty1978,
	title = {Laryngeal-pharyngeal dystonia as a possible cause of asphyxia with haloperidol treatment},
	author = {Flaherty, J. A. and Lahmeyer, H. W.},
	year = {1978},
	month = {11},
	date = {1978-11},
	journal = {The American Journal of Psychiatry},
	pages = {1414--1415},
	volume = {135},
	number = {11},
	doi = {10.1176/ajp.135.11.1414},
	note = {PMID: 707650},
	langid = {eng}
}

@article{ganesh2015,
	title = {Acute Laryngeal Dystonia With Novel Antipsychotics: A Case Report and Review of Literature},
	author = {Ganesh, Malini and Jabbar, Umair and Iskander, Fady H.},
	year = {2015},
	month = {10},
	date = {2015-10},
	journal = {Journal of Clinical Psychopharmacology},
	pages = {613--615},
	volume = {35},
	number = {5},
	doi = {10.1097/JCP.0000000000000376},
	url = {https://journals.lww.com/00004714-201510000-00023},
	langid = {en}
}

@article{christodoulou2005,
	title = {Antipsychotic drug-induced acute laryngeal dystonia: two case reports and a mini review},
	author = {Christodoulou, Christos and Kalaitzi, Chryssanthi},
	year = {2005},
	month = {05},
	date = {2005-05},
	journal = {Journal of Psychopharmacology (Oxford, England)},
	pages = {307--311},
	volume = {19},
	number = {3},
	doi = {10.1177/0269881105051543},
	note = {PMID: 15888517},
	langid = {eng}
}

@article{mellacheruvu2007,
	title = {Atypical antipsychotic drug-induced acute laryngeal dystonia: 2 case reports},
	author = {Mellacheruvu, Sandeep and Norton, John W. and Schweinfurth, John},
	year = {2007},
	month = {04},
	date = {2007-04},
	journal = {Journal of Clinical Psychopharmacology},
	pages = {206--207},
	volume = {27},
	number = {2},
	doi = {10.1097/01.jcp.0000248619.57412.6f},
	note = {PMID: 17414248},
	langid = {eng}
}

@article{matsuda2012,
	title = {Tardive laryngeal dystonia associated with aripiprazole monotherapy},
	author = {Matsuda, Noko and Hashimoto, Naoki and Kusumi, Ichiro and Ito, Koki and Koyama, Tsukasa},
	year = {2012},
	month = {04},
	date = {2012-04},
	journal = {Journal of Clinical Psychopharmacology},
	pages = {297--298},
	volume = {32},
	number = {2},
	doi = {10.1097/JCP.0b013e318248590f},
	note = {PMID: 22388164},
	langid = {eng}
}

@article{jiwanmall2021,
	title = {Tardive laryngeal dystonia with risperidone - A case report},
	author = {Jiwanmall, Stephen Amarjeet and Gopalakrishnan, Rajesh and Kuruvilla, Anju},
	year = {2021},
	month = {06},
	date = {2021-06},
	journal = {Indian Journal of Psychiatry},
	pages = {306--307},
	volume = {63},
	number = {3},
	doi = {10.4103/psychiatry.IndianJPsychiatry_340_20},
	note = {PMID: 34211231
PMCID: PMC8221224},
	langid = {eng}
}

@article{murciano1993,
	title = {Acute effects of zolpidem, triazolam and flunitrazepam on arterial blood gases and control of breathing in severe COPD},
	author = {Murciano, D. and Armengaud, M. H. and Cramer, P. H. and Neveux, E. and {L'Héritier}, C. and Pariente, R. and Aubier, M.},
	year = {1993},
	month = {05},
	date = {1993-05},
	journal = {The European Respiratory Journal},
	pages = {625--629},
	volume = {6},
	number = {5},
	note = {PMID: 8519370},
	langid = {eng}
}

@article{ranløv1987,
	title = {Effect of zopiclone and diazepam on ventilatory response in normal human subjects},
	author = {{Ranløv}, P. J. and Nielsen, S. P.},
	year = {1987},
	date = {1987},
	journal = {Sleep},
	pages = {40--47},
	volume = {10 Suppl 1},
	doi = {10.1093/sleep/10.suppl_1.40},
	note = {PMID: 3125575},
	langid = {eng}
}

@article{beaupré1988,
	title = {Respiratory center output following zopiclone or diazepam administration in patients with pulmonary disease},
	author = {{Beaupré}, A. and Soucy, R. and Phillips, R. and Bourgouin, J.},
	year = {1988},
	date = {1988},
	journal = {Respiration; International Review of Thoracic Diseases},
	pages = {235--240},
	volume = {54},
	number = {4},
	doi = {10.1159/000195530},
	note = {PMID: 3249838},
	langid = {eng}
}

@article{wang2017,
	title = {Association Between Antipsychotic Agents and Risk of Acute Respiratory Failure in Patients With Chronic Obstructive Pulmonary Disease},
	author = {Wang, Meng-Ting and Tsai, Chen-Liang and Lin, Chen Wei and Yeh, Chin-Bin and Wang, Yun-Han and Lin, Hui-Lan},
	year = {2017},
	month = {03},
	date = {2017-03-01},
	journal = {JAMA psychiatry},
	pages = {252--260},
	volume = {74},
	number = {3},
	doi = {10.1001/jamapsychiatry.2016.3793},
	note = {PMID: 28055066},
	langid = {eng}
}

@article{wang2020,
	title = {Use of antipsychotics and the risk of acute respiratory failure among adults: A disease risk score-matched nested case-control study},
	author = {Wang, Meng-Ting and Lin, Chen Wei and Tsai, Chen-Liang and Wang, Yun-Han and Lai, Jyun-Heng and Yeh, Chin-Bin and Huang, Ya-Ling and Hsu, Yu-Juei},
	year = {2020},
	month = {11},
	date = {2020-11},
	journal = {British Journal of Clinical Pharmacology},
	pages = {2204--2216},
	volume = {86},
	number = {11},
	doi = {10.1111/bcp.14321},
	note = {PMID: 32337738
PMCID: PMC7576632},
	langid = {eng}
}

@article{rishi2010,
	title = {Atypical antipsychotic medications are independently associated with severe obstructive sleep apnea},
	author = {Rishi, Muhammad Adeel and Shetty, Mahesh and Wolff, Armand and Amoateng-Adjepong, Yaw and Manthous, Constantine A.},
	year = {2010},
	month = {05},
	date = {2010-05},
	journal = {Clinical Neuropharmacology},
	pages = {109--113},
	volume = {33},
	number = {3},
	doi = {10.1097/WNF.0b013e3181db8040},
	note = {PMID: 20502129},
	langid = {eng}
}

@article{knechtle2019,
	title = {Clinical Characteristics of Obstructive Sleep Apnea in Psychiatric Disease},
	author = {Knechtle, Beat and Economou, Nicholas-Tiberio and Nikolaidis, Pantelis T. and Velentza, Lemonia and Kallianos, Anastasios and Steiropoulos, Paschalis and Koutsompolis, Dimitrios and Rosemann, Thomas and Trakada, Georgia},
	year = {2019},
	month = {04},
	date = {2019-04-18},
	journal = {Journal of Clinical Medicine},
	pages = {E534},
	volume = {8},
	number = {4},
	doi = {10.3390/jcm8040534},
	note = {PMID: 31003451
PMCID: PMC6518048},
	langid = {eng}
}

@article{yagmur2010,
	title = {Acute respiratory distress due to antipsychotic drugs},
	author = {Yagmur, F. and Ulusoy, H. B. and Buyukoglan, H. and Kaya, M. G.},
	year = {2010},
	month = {05},
	date = {2010-05},
	journal = {Pharmacopsychiatry},
	pages = {118--119},
	volume = {43},
	number = {3},
	doi = {10.1055/s-0029-1242822},
	note = {PMID: 20446229},
	langid = {eng}
}

@article{correll2015,
	title = {Effects of antipsychotics, antidepressants and mood stabilizers on risk for physical diseases in people with schizophrenia, depression and bipolar disorder},
	author = {Correll, Christoph U. and Detraux, Johan and De Lepeleire, Jan and De Hert, Marc},
	year = {2015},
	month = {06},
	date = {2015-06},
	journal = {World psychiatry: official journal of the World Psychiatric Association (WPA)},
	pages = {119--136},
	volume = {14},
	number = {2},
	doi = {10.1002/wps.20204},
	note = {PMID: 26043321
PMCID: PMC4471960},
	langid = {eng}
}

@article{dzahini2018,
	title = {Antipsychotic drug use and pneumonia: Systematic review and meta-analysis},
	author = {Dzahini, O and Singh, N and Taylor, D and Haddad, PM},
	year = {2018},
	month = {10},
	date = {2018-10-18},
	journal = {Journal of Psychopharmacology},
	pages = {1167{\textendash}1181},
	volume = {32},
	number = {11},
	doi = {10.1177/0269881118795333},
	url = {http://dx.doi.org/10.1177/0269881118795333}
}

@article{ponsford2019,
	title = {Clozapine is associated with secondary antibody deficiency},
	author = {Ponsford, Mark and Castle, Daniel and Tahir, Tayyeb and Robinson, Rebecca and Wade, Wendy and Steven, Rachael and Bramhall, Kathryn and Moody, Mo and Carne, Emily and Ford, Catherine and Farewell, Daniel and Williams, Paul and El-Shanawany, Tariq and Jolles, Stephen},
	year = {2019},
	month = {02},
	date = {2019-02},
	journal = {The British Journal of Psychiatry},
	pages = {83--89},
	volume = {214},
	number = {2},
	doi = {10.1192/bjp.2018.152},
	url = {https://www.cambridge.org/core/product/identifier/S0007125018001526/type/journal_article},
	langid = {en}
}


@article{de_leon_pneumonia_2020,
	title = {Pneumonia may be more frequent and have more fatal outcomes with clozapine than with other second-generation antipsychotics},
	volume = {19},
	issn = {1723-8617},
	doi = {10.1002/wps.20707},
	language = {eng},
	number = {1},
	journal = {World psychiatry: official journal of the World Psychiatric Association (WPA)},
	author = {de Leon, Jose and Sanz, Emilio J. and Norén, G. Niklas and De Las Cuevas, Carlos},
	month = feb,
	year = {2020},
	pmid = {31922665},
	pmcid = {PMC6953557},
	pages = {120--121},
	file = {Full Text:/Users/anselm/Zotero/storage/RQWSWGBJ/de Leon et al. - 2020 - Pneumonia may be more frequent and have more fatal.pdf:application/pdf},
}

@article{trifirò2011,
	title = {Antipsychotic drug use and community-acquired pneumonia},
	author = {{Trifirò}, Gianluca},
	year = {2011},
	month = {06},
	date = {2011-06},
	journal = {Current Infectious Disease Reports},
	pages = {262--268},
	volume = {13},
	number = {3},
	doi = {10.1007/s11908-011-0175-y},
	note = {PMID: 21394430
PMCID: PMC3085099},
	langid = {eng}
}

@article{litvak1971,
	title = {Agranulocytosis, Leukopenia, and Psychotropic Drugs},
	author = {Litvak, Ronald},
	year = {1971},
	month = {03},
	date = {1971-03-01},
	journal = {Archives of General Psychiatry},
	pages = {265},
	volume = {24},
	number = {3},
	doi = {10.1001/archpsyc.1971.01750090071010},
	url = {http://archpsyc.jamanetwork.com/article.aspx?doi=10.1001/archpsyc.1971.01750090071010},
	langid = {en}
}

@article{vilarodriguez2013,
	title = {Chronic benign neutropenia/agranulocytosis associated with non-clozapine antipsychotics},
	author = {Vila-Rodriguez, Fidel and Tsang, Peter and Barr, Alasdair M.},
	year = {2013},
	month = {10},
	date = {2013-10},
	journal = {The American Journal of Psychiatry},
	pages = {1213--1214},
	volume = {170},
	number = {10},
	doi = {10.1176/appi.ajp.2013.13020215},
	note = {PMID: 24084822},
	langid = {eng}
}

@article{deliliers1998,
	title = {In vitro effect of clozapine on hemopoietic progenitor cells},
	author = {Deliliers, G. L. and Servida, F. and Lamorte, G. and Quirici, N. and Soligo, D.},
	year = {1998},
	month = {10},
	date = {1998-10},
	journal = {Haematologica},
	pages = {882--889},
	volume = {83},
	number = {10},
	note = {PMID: 9830796},
	langid = {eng}
}

@article{williams2000,
	title = {Induction of metabolism-dependent and -independent neutrophil apoptosis by clozapine},
	author = {Williams, D. P. and Pirmohamed, M. and Naisbitt, D. J. and Uetrecht, J. P. and Park, B. K.},
	year = {2000},
	month = {07},
	date = {2000-07},
	journal = {Molecular Pharmacology},
	pages = {207--216},
	volume = {58},
	number = {1},
	doi = {10.1124/mol.58.1.207},
	note = {PMID: 10860943},
	langid = {eng}
}

@article{wicinski2018,
	title = {Clozapine-induced agranulocytosis/granulocytopenia: mechanisms and monitoring},
	author = {{Wici{\'{n}}ski}, {Micha{\l}} and {W{\k{e}}clewicz}, Mateusz M.},
	year = {2018},
	month = {01},
	date = {2018-01},
	journal = {Current Opinion in Hematology},
	pages = {22--28},
	volume = {25},
	number = {1},
	doi = {10.1097/MOH.0000000000000391},
	note = {PMID: 28984748},
	langid = {eng}
}

@article{pollmächer1997,
	title = {The influence of clozapine treatment on plasma granulocyte colony-stimulating (G-CSF) levels},
	author = {{Pollmächer}, T. and Fenzel, T. and Mullington, J. and Hinze-Selch, D.},
	year = {1997},
	month = {07},
	date = {1997-07},
	journal = {Pharmacopsychiatry},
	pages = {118--121},
	volume = {30},
	number = {4},
	doi = {10.1055/s-2007-979495},
	note = {PMID: 9271776},
	langid = {eng}
}

@article{liu2011,
	title = {Leukocytosis associated with clozapine treatment: a case report},
	author = {Liu, Fong and Mahgoub, Nahla and Ferrando, Stephen},
	year = {2011},
	month = {10},
	date = {2011-10},
	journal = {Psychosomatics},
	pages = {488--491},
	volume = {52},
	number = {5},
	doi = {10.1016/j.psym.2011.01.032},
	note = {PMID: 21907074},
	langid = {eng}
}

@article{schuld2000,
	title = {Granulocyte colony-stimulating factor plasma levels during clozapine- and olanzapine-induced granulocytopenia},
	author = {Schuld, A. and Kraus, T. and Hinze-Selch, D. and Haack, M. and {Pollmächer}, T.},
	year = {2000},
	month = {08},
	date = {2000-08},
	journal = {Acta Psychiatrica Scandinavica},
	pages = {153--155},
	volume = {102},
	number = {2},
	doi = {10.1034/j.1600-0447.2000.102002153.x},
	note = {PMID: 10937789},
	langid = {eng}
}

@article{alvir1995,
	title = {Do white-cell count spikes predict agranulocytosis in clozapine recipients?},
	author = {Alvir, J. M. and Lieberman, J. A. and Safferman, A. Z.},
	year = {1995},
	date = {1995},
	journal = {Psychopharmacology Bulletin},
	pages = {311--314},
	volume = {31},
	number = {2},
	note = {PMID: 7491384},
	langid = {eng}
}

@article{taylor2022,
	title = {Distinctive pattern of neutrophil count change in clozapine-associated, life-threatening agranulocytosis},
	author = {Taylor, David and Vallianatou, Kalliopi and Whiskey, Eromona and Dzahini, Olubanke and MacCabe, James},
	year = {2022},
	month = {03},
	date = {2022-03-14},
	journal = {NPJ schizophrenia},
	pages = {21},
	volume = {8},
	number = {1},
	doi = {10.1038/s41537-022-00232-0},
	note = {PMID: 35288577
PMCID: PMC8920060},
	langid = {eng}
}


@article{lally_GCSF_2017,
	title = {Clozapine-{Associated} {Agranulocytosis} {Treatment} {With} {Granulocyte} {Colony}-{Stimulating} {Factor}/{Granulocyte}-{Macrophage} {Colony}-{Stimulating} {Factor}: {A} {Systematic} {Review}},
	volume = {37},
	issn = {1533-712X, 0271-0749},
	shorttitle = {Clozapine-{Associated} {Agranulocytosis} {Treatment} {With} {Granulocyte} {Colony}-{Stimulating} {Factor}/{Granulocyte}-{Macrophage} {Colony}-{Stimulating} {Factor}},
	url = {https://journals.lww.com/00004714-201708000-00011},
	doi = {10.1097/JCP.0000000000000715},
	language = {en},
	number = {4},
	urldate = {2022-07-14},
	journal = {Journal of Clinical Psychopharmacology},
	author = {y, John and Malik, Steffi and Whiskey, Eromona and Taylor, David M. and Gaughran, Fiona P. and Krivoy, Amir and Flanagan, Robert J. and Mijovic, Aleksandar and MacCabe, James H.},
	month = aug,
	year = {2017},
	pages = {441--446},
	file = {Submitted Version:/Users/anselm/Zotero/storage/REBWC4RF/Lally et al. - 2017 - Clozapine-Associated Agranulocytosis Treatment Wit.pdf:application/pdf},
}

@article{jeong2002,
	title = {The characteristics of clozapine-induced fever},
	author = {Jeong, Seong-Hoon and Ahn, Yong-Min and Koo, Young-Jin and Kang, Ung Gu and Kim, Yong Sik},
	year = {2002},
	month = {07},
	date = {2002-07-01},
	journal = {Schizophrenia Research},
	pages = {191--193},
	volume = {56},
	number = {1-2},
	doi = {10.1016/s0920-9964(01)00262-6},
	note = {PMID: 12084433},
	langid = {eng}
}

@article{verdoux2019,
	title = {Clinical determinants of fever in clozapine users and implications for treatment management: A narrative review},
	author = {Verdoux, {Hélène} and Quiles, {Clélia} and de Leon, Jose},
	year = {2019},
	month = {09},
	date = {2019-09},
	journal = {Schizophrenia Research},
	pages = {1--9},
	volume = {211},
	doi = {10.1016/j.schres.2019.07.040},
	note = {PMID: 31378552},
	langid = {eng}
}

@article{madhusoodanan2007,
	title = {Chronic leukocytosis associated with clozapine: a case series},
	author = {Madhusoodanan, Subramoniam and Cuni, Louis and Brenner, Ronald and Sajatovic, Martha and Palekar, Nikhil and Amanbekova, Dinara},
	year = {2007},
	month = {03},
	date = {2007-03},
	journal = {The Journal of Clinical Psychiatry},
	pages = {484--488},
	volume = {68},
	number = {3},
	doi = {10.4088/jcp.v68n0320b},
	note = {PMID: 17388723},
	langid = {eng}
}

@article{fabrazzo2017,
	title = {Clozapine versus other antipsychotics during the first 18 weeks of treatment: A retrospective study on risk factor increase of blood dyscrasias},
	author = {Fabrazzo, Michele and Prisco, Vincenzo and Sampogna, Gaia and Perris, Francesco and Catapano, Francesco and Monteleone, Alessio Maria and Maj, Mario},
	year = {2017},
	month = {10},
	date = {2017-10},
	journal = {Psychiatry Research},
	pages = {275--282},
	volume = {256},
	doi = {10.1016/j.psychres.2017.06.068},
	note = {PMID: 28651220},
	langid = {eng}
}

@article{bergemann1999,
	title = {Asymptomatic pancreatitis associated with clozapine},
	author = {Bergemann, N. and Ehrig, C. and Diebold, K. and Mundt, C. and von Einsiedel, R.},
	year = {1999},
	month = {03},
	date = {1999-03},
	journal = {Pharmacopsychiatry},
	pages = {78--80},
	volume = {32},
	number = {2},
	doi = {10.1055/s-2007-979197},
	note = {PMID: 10333168},
	langid = {eng}
}

@article{haas2007,
	title = {Clozapine-associated myocarditis: a review of 116 cases of suspected myocarditis associated with the use of clozapine in Australia during 1993-2003},
	author = {Haas, Steven J. and Hill, Richard and Krum, Henry and Liew, Danny and Tonkin, Andrew and Demos, Lisa and Stephan, Karen and McNeil, John},
	year = {2007},
	date = {2007},
	journal = {Drug Safety},
	pages = {47--57},
	volume = {30},
	number = {1},
	doi = {10.2165/00002018-200730010-00005},
	note = {PMID: 17194170},
	langid = {eng}
}

@article{kate2013,
	title = {Clozapine associated thrombocytopenia},
	author = {Kate, Natasha and Grover, Sandeep and Aggarwal, Munish and Malhotra, Pankaj and Sachdeva, Manupdesh S.},
	year = {2013},
	month = {04},
	date = {2013-04},
	journal = {Journal of Pharmacology & Pharmacotherapeutics},
	pages = {149--151},
	volume = {4},
	number = {2},
	doi = {10.4103/0976-500X.110913},
	note = {PMID: 23761715
PMCID: PMC3669578},
	langid = {eng}
}

@article{sahoo2016,
	title = {Thrombocytopenia associated with olanzapine: A case report and review of literature},
	author = {Sahoo, Swapnajeet and Singla, Himanshu and Spoorty, M. and Malhotra, Pankaj and Grover, Sandeep},
	year = {2016},
	month = {09},
	date = {2016-09},
	journal = {Indian Journal of Psychiatry},
	pages = {339--341},
	volume = {58},
	number = {3},
	doi = {10.4103/0019-5545.192005},
	note = {PMID: 28066016
PMCID: PMC5100130},
	langid = {eng}
}

@article{cruz2017,
	title = {Thrombocytopenia and Spontaneous Intracranial Hemorrhage After Olanzapine Therapy},
	author = {Cruz, Maricel Dela and Danoff, Robert},
	year = {2017},
	month = {07},
	date = {2017-07-01},
	journal = {Journal of Osteopathic Medicine},
	pages = {473--475},
	volume = {117},
	number = {7},
	doi = {10.7556/jaoa.2017.092},
	url = {https://www.degruyter.com/document/doi/10.7556/jaoa.2017.092/html},
	langid = {en}
}

@article{dietrichmuszalska2010,
	title = {The first- and second-generation antipsychotic drugs affect ADP-induced platelet aggregation},
	author = {Dietrich-Muszalska, Anna and Rabe-Jablonska, Jolanta and Nowak, Pawel and Kontek, Bogdan},
	year = {2010},
	month = {03},
	date = {2010-03},
	journal = {The World Journal of Biological Psychiatry: The Official Journal of the World Federation of Societies of Biological Psychiatry},
	pages = {268--275},
	volume = {11},
	number = {2 Pt 2},
	doi = {10.3109/15622970802505792},
	note = {PMID: 20218792},
	langid = {eng}
}

@article{axelsson2007,
	title = {In vitro effects of antipsychotics on human platelet adhesion and aggregation and plasma coagulation},
	author = {Axelsson, Stina and {Hägg}, Staffan and Eriksson, Andreas C. and Lindahl, Tomas L. and Whiss, Per A.},
	year = {2007},
	month = {08},
	date = {2007-08},
	journal = {Clinical and Experimental Pharmacology & Physiology},
	pages = {775--780},
	volume = {34},
	number = {8},
	doi = {10.1111/j.1440-1681.2007.04650.x},
	note = {PMID: 17600556},
	langid = {eng}
}

@article{hägg2009,
	title = {Risk of venous thromboembolism due to antipsychotic drug therapy},
	author = {{Hägg}, Staffan and {Jönsson}, Anna K. and Spigset, Olav},
	year = {2009},
	month = {09},
	date = {2009-09},
	journal = {Expert Opinion on Drug Safety},
	pages = {537--547},
	volume = {8},
	number = {5},
	doi = {10.1517/14740330903117271},
	note = {PMID: 19569978},
	langid = {eng}
}

@article{philpott1993,
	title = {Aplastic anaemia and remoxipride},
	author = {Philpott, N. J. and Marsh, J. C. and Gordon-Smith, E. C. and Bolton, J. S.},
	year = {1993},
	month = {11},
	date = {1993-11-13},
	journal = {Lancet (London, England)},
	pages = {1244--1245},
	volume = {342},
	number = {8881},
	doi = {10.1016/0140-6736(93)92230-q},
	note = {PMID: 7901566},
	langid = {eng}
}


@article{lee_anemia_2015,
	title = {Clozapine and anemia: a 2-year follow-up study},
	volume = {76},
	issn = {1555-2101},
	shorttitle = {Clozapine and anemia},
	doi = {10.4088/JCP.14m09143},
	language = {eng},
	number = {12},
	journal = {The Journal of Clinical Psychiatry},
	author = {Lee, Jimmy and Bies, Robert and Bhaloo, Amaal and Powell, Valerie and Remington, Gary},
	month = dec,
	year = {2015},
	pmid = {26301364},
	keywords = {Adult, Anemia, Antipsychotic Agents, Clozapine, Female, Follow-Up Studies, Hemoglobins, Humans, Incidence, Male, Mental Disorders, Regression Analysis, Sex Factors, Smoking, Time Factors},
	pages = {1642--1647},
}


@article{eleftheriou2020,
	title = {Clozapine-induced anemia: A case-report},
	author = {Eleftheriou, Georgios and Butera, Raffaella and Barcella, Luca and Falanga, Anna},
	year = {2020},
	month = {05},
	date = {2020-05},
	journal = {International Journal of Clinical Pharmacology and Therapeutics},
	pages = {289--292},
	volume = {58},
	number = {5},
	doi = {10.5414/CP203679},
	note = {PMID: 32145755},
	langid = {eng}
}

@article{arici2018,
	title = {Quetiapine Induced Autoimmune Hemolytic Anemia in a Child Patient: A Case Report},
	author = {{Ar{\i}c{\i}}, Asiye and Altun, Hatice and {Ac{\i}payam}, Can},
	year = {2018},
	month = {11},
	date = {2018-11-30},
	journal = {Clinical Psychopharmacology and Neuroscience},
	pages = {501--504},
	volume = {16},
	number = {4},
	doi = {10.9758/cpn.2018.16.4.501},
	url = {http://www.cpn.or.kr/journal/view.html?doi=10.9758/cpn.2018.16.4.501},
	langid = {en}
}

@article{kovalszki2016,
	title = {Eosinophilia},
	author = {Kovalszki, Anna and Weller, Peter F.},
	year = {2016},
	month = {12},
	date = {2016-12},
	journal = {Primary Care},
	pages = {607--617},
	volume = {43},
	number = {4},
	doi = {10.1016/j.pop.2016.07.010},
	note = {PMID: 27866580
PMCID: PMC5293177},
	langid = {eng}
}

@article{tsamakis2021,
	title = {Association of antipsychotic use with raised eosinophil count},
	author = {Tsamakis, Konstantinos and Mueller, Christoph and Hortis, Ioannis and Kallergi, Maria and Tolos, Ioannis and Alevyzakis, Evangelos and Siafakas, Nikolaos and Ouranidis, Andreas and Tsiptsios, Dimitrios and Kympouropoulos, Stylianos and Spandidos, Demetrios A. and Smyrnis, Nikolaos and Rizos, Emmanouil},
	year = {2021},
	month = {05},
	date = {2021-05},
	journal = {Experimental and Therapeutic Medicine},
	pages = {513},
	volume = {21},
	number = {5},
	doi = {10.3892/etm.2021.9944},
	note = {PMID: 33791022
PMCID: PMC8005733},
	langid = {eng}
}

@article{garlipp2002,
	title = {The development of a clinical syndrome of asymptomatic pancreatitis and eosinophilia after treatment with clozapine in schizophrenia: implications for clinical care, recognition and management},
	author = {Garlipp, P. and Rosenthal, O. and Haltenhof, H. and Machleidt, W.},
	year = {2002},
	month = {12},
	date = {2002-12},
	journal = {Journal of Psychopharmacology (Oxford, England)},
	pages = {399--400},
	volume = {16},
	number = {4},
	doi = {10.1177/026988110201600419},
	note = {PMID: 12503844},
	langid = {eng}
}

@article{fong2005,
	title = {Clozapine-induced toxic hepatitis with skin rash},
	author = {Fong, S. Y. Y. and Au Yeung, K. L. and Tosh, J. M. Y. and Wing, Y. K.},
	year = {2005},
	month = {01},
	date = {2005-01},
	journal = {Journal of Psychopharmacology (Oxford, England)},
	pages = {107},
	volume = {19},
	number = {1},
	doi = {10.1177/0269881105047287},
	note = {PMID: 15671137},
	langid = {eng}
}

@article{karmacharya2005,
	title = {Clozapine-induced eosinophilic colitis},
	author = {Karmacharya, Rakesh and Mino, Mari and Pirl, William F.},
	year = {2005},
	month = {07},
	date = {2005-07},
	journal = {The American Journal of Psychiatry},
	pages = {1386--1387},
	volume = {162},
	number = {7},
	doi = {10.1176/appi.ajp.162.7.1386-a},
	note = {PMID: 15994729},
	langid = {eng}
}

@article{patel2012,
	title = {Clozapine-induced peripheral and pleural fluid eosinophilia},
	author = {Patel, Jayshil J. and Lisi, Paul A. and Lathara, Zubin and Lipchik, Randolph J.},
	year = {2012},
	month = {02},
	date = {2012-02},
	journal = {The Annals of Pharmacotherapy},
	pages = {e4},
	volume = {46},
	number = {2},
	doi = {10.1345/aph.1Q642},
	note = {PMID: 22274140},
	langid = {eng}
}

@article{au2004,
	title = {Clozapine-induced acute interstitial nephritis},
	author = {Au, Alexander F. and Luthra, Vinay and Stern, Robert},
	year = {2004},
	month = {08},
	date = {2004-08},
	journal = {The American Journal of Psychiatry},
	pages = {1501},
	volume = {161},
	number = {8},
	doi = {10.1176/appi.ajp.161.8.1501},
	note = {PMID: 15285988},
	langid = {eng}
}

@article{ronaldson2015,
	title = {Clozapine-induced myocarditis, a widely overlooked adverse reaction},
	author = {Ronaldson, K. J. and Fitzgerald, P. B. and McNeil, J. J.},
	year = {2015},
	month = {10},
	date = {2015-10},
	journal = {Acta Psychiatrica Scandinavica},
	pages = {231--240},
	volume = {132},
	number = {4},
	doi = {10.1111/acps.12416},
	url = {https://onlinelibrary.wiley.com/doi/10.1111/acps.12416},
	langid = {en}
}

@article{penchilaiya2017,
	title = {DRESS syndrome: Addressing the drug hypersensitivity syndrome on combination of Sodium Valproate and Olanzapine},
	author = {Penchilaiya, Venkatalakshmi and Kuppili, Pooja Patnaik and Preeti, K. and Bharadwaj, Balaji},
	year = {2017},
	month = {08},
	date = {2017-08},
	journal = {Asian Journal of Psychiatry},
	pages = {175--176},
	volume = {28},
	doi = {10.1016/j.ajp.2017.05.015},
	note = {PMID: 28784381},
	langid = {eng}
}

@article{hagiwara2018,
	title = {Refractory cardiac myocarditis associated with drug rash with eosinophilia and systemic symptoms syndrome due to anti-bipolar disorder drugs: a case report},
	author = {Hagiwara, Hikaru and Fukushima, Arata and Iwano, Hiroyuki and Anzai, Toshihisa},
	year = {2018},
	month = {12},
	date = {2018-12},
	journal = {European Heart Journal. Case Reports},
	pages = {yty100},
	volume = {2},
	number = {4},
	doi = {10.1093/ehjcr/yty100},
	note = {PMID: 31020177
PMCID: PMC6426116},
	langid = {eng}
}

@article{taleb2019,
	title = {Drug Reaction With Eosinophilia and Systemic Symptoms Syndrome Related to Aripiprazole Therapy},
	author = {Taleb, Sana and Zgueb, Yosra and Ouali, Uta and Jomli, Rabaa and Kort, Youssef and Nacef, Fethi},
	year = {2019},
	month = {12},
	date = {2019-12},
	journal = {Journal of Clinical Psychopharmacology},
	pages = {691--693},
	volume = {39},
	number = {6},
	doi = {10.1097/JCP.0000000000001138},
	note = {PMID: 31688404},
	langid = {eng}
}

@article{citrome2017,
	title = {Activating and Sedating Adverse Effects of Second-Generation Antipsychotics in the Treatment of Schizophrenia and Major Depressive Disorder: Absolute Risk Increase and Number Needed to Harm},
	author = {Citrome, Leslie},
	year = {2017},
	month = {04},
	date = {2017-04},
	journal = {Journal of Clinical Psychopharmacology},
	pages = {138--147},
	volume = {37},
	number = {2},
	doi = {10.1097/JCP.0000000000000665},
	note = {PMID: 28141623},
	langid = {eng}
}

@article{gurpegui2004,
	title = {Caffeine Intake in Outpatients With Schizophrenia},
	author = {Gurpegui, M. and Aguilar, M. C. and Martinez-Ortega, J. M. and Diaz, F. J. and de Leon, J.},
	year = {2004},
	month = {01},
	date = {2004-01-01},
	journal = {Schizophrenia Bulletin},
	pages = {935--945},
	volume = {30},
	number = {4},
	doi = {10.1093/oxfordjournals.schbul.a007143},
	url = {https://academic.oup.com/schizophreniabulletin/article-lookup/doi/10.1093/oxfordjournals.schbul.a007143},
	langid = {en}
}

@article{huang2021,
	title = {Caffeine consumption and schizophrenia: A highlight on adenosine receptor{\textendash}independent mechanisms},
	author = {Huang, Lumei and {Sperlágh}, {Beáta}},
	year = {2021},
	month = {12},
	date = {2021-12},
	journal = {Current Opinion in Pharmacology},
	pages = {106--113},
	volume = {61},
	doi = {10.1016/j.coph.2021.09.003},
	url = {https://linkinghub.elsevier.com/retrieve/pii/S1471489221001430},
	langid = {en}
}

@article{thompson2014,
	title = {{\textquotedblleft}Clozapine makes me quite drowsy, so when I wake up in the morning those first cups of coffee are really handy{\textquotedblright}: an exploratory qualitative study of excessive caffeine consumption among individuals with schizophrenia},
	author = {Thompson, Lisa and Pennay, Amy and Zimmermann, Adam and Cox, Merrilee and Lubman, Dan I},
	year = {2014},
	month = {12},
	date = {2014-12},
	journal = {BMC Psychiatry},
	pages = {116},
	volume = {14},
	number = {1},
	doi = {10.1186/1471-244X-14-116},
	url = {http://bmcpsychiatry.biomedcentral.com/articles/10.1186/1471-244X-14-116},
	langid = {en}
}

@article{ortizorendain2017,
	title = {Antipsychotic combinations for schizophrenia},
	author = {Ortiz-Orendain, Javier and Castiello-de Obeso, Santiago and Colunga-Lozano, Luis Enrique and Hu, Yue and Maayan, Nicola and Adams, Clive E.},
	year = {2017},
	month = {06},
	date = {2017-06-28},
	journal = {The Cochrane Database of Systematic Reviews},
	pages = {CD009005},
	volume = {6},
	doi = {10.1002/14651858.CD009005.pub2},
	note = {PMID: 28658515
PMCID: PMC6481822},
	langid = {eng}
}

@article{wittkampf2012,
	title = {A review of modafinil and armodafinil as add-on therapy in antipsychotic-treated patients with schizophrenia},
	author = {Wittkampf, Laura Christina and Arends, Johannes and Timmerman, Leo and Lancel, Marike},
	year = {2012},
	month = {06},
	date = {2012-06},
	journal = {Therapeutic Advances in Psychopharmacology},
	pages = {115--125},
	volume = {2},
	number = {3},
	doi = {10.1177/2045125312441815},
	url = {http://journals.sagepub.com/doi/10.1177/2045125312441815},
	langid = {en}
}

@article{janowsky1973,
	title = {Provocation of Schizophrenic Symptoms by Intravenous Administration of Methylphenidate},
	author = {Janowsky, David S.},
	year = {1973},
	month = {02},
	date = {1973-02-01},
	journal = {Archives of General Psychiatry},
	pages = {185},
	volume = {28},
	number = {2},
	doi = {10.1001/archpsyc.1973.01750320023004},
	url = {http://archpsyc.jamanetwork.com/article.aspx?doi=10.1001/archpsyc.1973.01750320023004},
	langid = {en}
}

@article{bramness2012,
	title = {Amphetamine-induced psychosis--a separate diagnostic entity or primary psychosis triggered in the vulnerable?},
	author = {Bramness, {Jørgen G.} and Gundersen, {Øystein Hoel} and Guterstam, Joar and Rognli, Eline Borger and Konstenius, Maija and {Løberg}, Else-Marie and Medhus, Sigrid and Tanum, Lars and Franck, Johan},
	year = {2012},
	month = {12},
	date = {2012-12-05},
	journal = {BMC psychiatry},
	pages = {221},
	volume = {12},
	doi = {10.1186/1471-244X-12-221},
	note = {PMID: 23216941
PMCID: PMC3554477},
	langid = {eng}
}

@article{krystal2008,
	title = {Effects of antipsychotic medications on sleep in schizophrenia:},
	author = {Krystal, Andrew D. and Goforth, Harold W. and Roth, Thomas},
	year = {2008},
	month = {05},
	date = {2008-05},
	journal = {International Clinical Psychopharmacology},
	pages = {150--160},
	volume = {23},
	number = {3},
	doi = {10.1097/YIC.0b013e3282f39703},
	url = {http://journals.lww.com/00004850-200805000-00005},
	langid = {en}
}

@article{poulin2003,
	title = {Sleep architecture and its clinical correlates in first episode and neuroleptic-naive patients with schizophrenia},
	author = {Poulin, Julie and Daoust, Anne-Marie and Forest, {Geneviève} and Stip, Emmanuel and Godbout, Roger},
	year = {2003},
	month = {07},
	date = {2003-07-01},
	journal = {Schizophrenia Research},
	pages = {147--153},
	volume = {62},
	number = {1-2},
	doi = {10.1016/s0920-9964(02)00346-8},
	note = {PMID: 12765755},
	langid = {eng}
}

@article{aggarwal2015,
	title = {Restless leg syndrome associated with atypical antipsychotics: current status, pathophysiology, and clinical implications},
	author = {Aggarwal, Shilpa and Dodd, Seetal and Berk, Michael},
	year = {2015},
	date = {2015},
	journal = {Current Drug Safety},
	pages = {98--105},
	volume = {10},
	number = {2},
	doi = {10.2174/1574886309666140527114159},
	note = {PMID: 24861990},
	langid = {eng}
}

@article{semiz2016,
	title = {Prevalence of Restless Legs Syndrome Among Psychiatric Patients Who are Under Antidepressant or Antipsychotic Monotherapy},
	author = {Semiz, Murat and Solmaz, Volkan and Aksoy, Durdane and Inanir, Sema and Colak, Burcin and Gokbakan, Mehmet Aziz and Inanir, Ahmet},
	year = {2016},
	month = {06},
	date = {2016-06},
	journal = {Klinik Psikofarmakoloji Bülteni-Bulletin of Clinical Psychopharmacology},
	pages = {161--168},
	volume = {26},
	number = {2},
	doi = {10.5455/bcp.20150908024954},
	url = {https://www.tandfonline.com/doi/full/10.5455/bcp.20150908024954},
	langid = {en}
}

@article{wirshing2002,
	title = {Sleep apnea associated with antipsychotic-induced obesity},
	author = {Wirshing, Donna A. and Pierre, Joseph M. and Wirshing, William C.},
	year = {2002},
	month = {04},
	date = {2002-04},
	journal = {The Journal of Clinical Psychiatry},
	pages = {369--370},
	volume = {63},
	number = {4},
	doi = {10.4088/jcp.v63n0415f},
	note = {PMID: 12000215},
	langid = {eng}
}

@article{sankaranarayanan2021,
	title = {Disordered Eating among People with Schizophrenia Spectrum Disorders: A Systematic Review},
	author = {Sankaranarayanan, Anoop and Johnson, Karthika and Mammen, Sanop J. and Wilding, Helen E. and Vasani, Deepali and Murali, Vijaya and Mitchison, Deborah and Castle, David J. and Hay, Phillipa},
	year = {2021},
	month = {10},
	date = {2021-10-27},
	journal = {Nutrients},
	pages = {3820},
	volume = {13},
	number = {11},
	doi = {10.3390/nu13113820},
	url = {https://www.mdpi.com/2072-6643/13/11/3820},
	langid = {en}
}

@article{kanagasundram2021,
	title = {Quetiapine{-}induced sleep{-}related eating disorder: A case report},
	author = {Kanagasundram, Sharmilla},
	year = {2021},
	month = {06},
	date = {2021-06},
	journal = {Clinical Case Reports},
	volume = {9},
	number = {6},
	doi = {10.1002/ccr3.4168},
	url = {https://onlinelibrary.wiley.com/doi/10.1002/ccr3.4168},
	langid = {en}
}

@article{seeman2011,
	title = {Sleepwalking, a possible side effect of antipsychotic medication},
	author = {Seeman, Mary V.},
	year = {2011},
	month = {03},
	date = {2011-03},
	journal = {The Psychiatric Quarterly},
	pages = {59--67},
	volume = {82},
	number = {1},
	doi = {10.1007/s11126-010-9149-8},
	note = {PMID: 20734137},
	langid = {eng}
}

@article{chopra2020,
	title = {Sleepwalking and sleep-related eating associated with atypical antipsychotic medications: Case series and systematic review of literature},
	author = {Chopra, Amit and Patel, Rikinkumar S. and Baliga, Nisha and Narahari, Anoop and Das, Piyush},
	year = {2020},
	month = {08},
	date = {2020-08},
	journal = {General Hospital Psychiatry},
	pages = {74--81},
	volume = {65},
	doi = {10.1016/j.genhosppsych.2020.05.014},
	note = {PMID: 32535329},
	langid = {eng}
}

@article{hafeez2007,
	title = {Somnambulism induced by quetiapine: two case reports and a review of the literature},
	author = {Hafeez, Zeba Hasan and Kalinowski, Constance M.},
	year = {2007},
	month = {12},
	date = {2007-12},
	journal = {CNS spectrums},
	pages = {910--912},
	volume = {12},
	number = {12},
	doi = {10.1017/s1092852900015698},
	note = {PMID: 18163036},
	langid = {eng}
}


@article{tek_impact_2014,
	title = {The impact of eszopiclone on sleep and cognition in patients with schizophrenia and insomnia: a double-blind, randomized, placebo-controlled trial},
	volume = {160},
	issn = {1573-2509},
	shorttitle = {The impact of eszopiclone on sleep and cognition in patients with schizophrenia and insomnia},
	doi = {10.1016/j.schres.2014.10.002},
	language = {eng},
	number = {1-3},
	journal = {Schizophrenia Research},
	author = {Tek, Cenk and Palmese, Laura B. and Krystal, Andrew D. and Srihari, Vinod H. and DeGeorge, Pamela C. and Reutenauer, Erin L. and Guloksuz, Sinan},
	month = dec,
	year = {2014},
	pmid = {25454802},
	pmcid = {PMC5589464},
	keywords = {Azabicyclo Compounds, Cognition, Double-Blind Method, Eszopiclone, Female, Humans, Hypnotics and Sedatives, Insomnia, Male, Medical Records, Middle Aged, Patient Dropouts, Piperazines, Psychotic Disorders, Quality of Life, Schizophrenia, Schizophrenic Psychology, Single-Blind Method, Sleep, Sleep Initiation and Maintenance Disorders, Treatment Outcome, Working memory},
	pages = {180--185},
	file = {Accepted Version:/Users/anselm/Zotero/storage/GAEK2J68/Tek et al. - 2014 - The impact of eszopiclone on sleep and cognition i.pdf:application/pdf},
}


@article{eslamishahrbabaki2014,
	title = {Persistent psychosis after abuse of high dose of zolpidem},
	author = {Eslami-Shahrbabaki, Mahin and Barfeh, Babak and Nasirian, Mansoureh},
	year = {2014},
	date = {2014},
	journal = {Addiction & Health},
	pages = {159--162},
	volume = {6},
	number = {3-4},
	note = {PMID: 25984284
PMCID: PMC4354222},
	langid = {eng}
}

@article{orsolini2021,
	title = {{\textquoteleft}Z-trip{\textquoteright}? A Comprehensive Overview and a Case-series of Zolpidem Misuse},
	author = {Orsolini, Laura and Chiappini, Stefania and Grandinetti, Paolo and Bruschi, Angelo and Testa, Roberta and Provenzano, Alessandra and Berardis, Domenico De and Volpe, Umberto},
	year = {2021},
	month = {05},
	date = {2021-05-31},
	journal = {Clinical Psychopharmacology and Neuroscience},
	pages = {367--387},
	volume = {19},
	number = {2},
	doi = {10.9758/cpn.2021.19.2.367},
	url = {http://www.cpn.or.kr/journal/view.html?doi=10.9758/cpn.2021.19.2.367},
	langid = {en}
}

@article{mittal2021,
	title = {Zolpidem for Insomnia: A Double-Edged Sword. A Systematic Literature Review on Zolpidem-Induced Complex Sleep Behaviors},
	author = {Mittal, Niti and Mittal, Rakesh and Gupta, M. C.},
	year = {2021},
	month = {09},
	date = {2021-09},
	journal = {Indian Journal of Psychological Medicine},
	pages = {373--381},
	volume = {43},
	number = {5},
	doi = {10.1177/0253717621992372},
	note = {PMID: 34584301
PMCID: PMC8450729},
	langid = {eng}
}

@article{veselinovic2013,
	title = {Effects of antipsychotic treatment on cognition in healthy subjects},
	author = {{Veselinovi{\'{c}}}, Tanja and Schorn, Holger and Vernaleken, Ingo B and Hiemke, Christoph and Zernig, Gerald and Gur, Ruben and {Gründer}, Gerhard},
	year = {2013},
	month = {04},
	date = {2013-04},
	journal = {Journal of Psychopharmacology},
	pages = {374--385},
	volume = {27},
	number = {4},
	doi = {10.1177/0269881112466183},
	url = {http://journals.sagepub.com/doi/10.1177/0269881112466183},
	langid = {en}
}

@article{ramaekers1999,
	title = {Psychomotor, Cognitive, extrapyramidal, and affective functions of healthy volunteers during treatment with an atypical (amisulpride) and a classic (haloperidol) antipsychotic},
	author = {Ramaekers, J. G. and Louwerens, J. W. and Muntjewerff, N. D. and Milius, H. and de Bie, A. and Rosenzweig, P. and Patat, A. and {O'Hanlon}, J. F.},
	year = {1999},
	month = {06},
	date = {1999-06},
	journal = {Journal of Clinical Psychopharmacology},
	pages = {209--221},
	volume = {19},
	number = {3},
	doi = {10.1097/00004714-199906000-00003},
	note = {PMID: 10350027},
	langid = {eng}
}

@article{hill2010,
	title = {Effect of second-generation antipsychotics on cognition: current issues and future challenges},
	author = {Hill, S. Kristian and Bishop, Jeffrey R. and Palumbo, Donna and Sweeney, John A.},
	year = {2010},
	month = {01},
	date = {2010-01},
	journal = {Expert Review of Neurotherapeutics},
	pages = {43--57},
	volume = {10},
	number = {1},
	doi = {10.1586/ern.09.143},
	note = {PMID: 20021320
PMCID: PMC2879261},
	langid = {eng}
}

@article{husa2017,
	title = {Lifetime antipsychotic medication and cognitive performance in schizophrenia at age 43 years in a general population birth cohort},
	author = {Husa, Anja P. and Moilanen, Jani and Murray, Graham K. and Marttila, Riikka and Haapea, Marianne and Rannikko, Irina and Barnett, Jennifer H. and Jones, Peter B. and Isohanni, Matti and Remes, Anne M. and Koponen, Hannu and Miettunen, Jouko and {Jääskeläinen}, Erika},
	year = {2017},
	month = {01},
	date = {2017-01},
	journal = {Psychiatry Research},
	pages = {130--138},
	volume = {247},
	doi = {10.1016/j.psychres.2016.10.085},
	url = {https://linkinghub.elsevier.com/retrieve/pii/S0165178116305893},
	langid = {en}
}

@article{élie2010,
	title = {Cognitive effects of antipsychotic dosage and polypharmacy: a study with the BACS in patients with schizophrenia and schizoaffective disorder},
	author = {{Élie}, D. and Poirier, M. and Chianetta, Jm and Durand, M. and {Grégoire}, Ca and Grignon, S.},
	year = {2010},
	month = {07},
	date = {2010-07},
	journal = {Journal of Psychopharmacology},
	pages = {1037--1044},
	volume = {24},
	number = {7},
	doi = {10.1177/0269881108100777},
	url = {http://journals.sagepub.com/doi/10.1177/0269881108100777},
	langid = {en}
}

@article{ballesteros2018,
	title = {Is cognitive impairment associated with antipsychotic dose and anticholinergic equivalent loads in first-episode psychosis?},
	author = {Ballesteros, Alejandro and {Sánchez-Torres}, Ana M. and {López-Ilundain}, Jose M. and Cabrera, Bibiana and Lobo, Antonio and {González-Pinto}, Ana M. and {Díaz-Caneja}, Covadonga and Corripio, Iluminada and Vieta, Eduard and de la Serna, Elena and Bobes, Julio and Usall, Judith and Contreras, Fernando and {Lorente-Omeñaca}, Ruth and Mezquida, Gisela and Bernardo, Miguel and Cuesta, Manuel J. and PEPs Group, },
	year = {2018},
	month = {10},
	date = {2018-10},
	journal = {Psychological Medicine},
	pages = {2247--2256},
	volume = {48},
	number = {13},
	doi = {10.1017/S0033291717003774},
	url = {https://www.cambridge.org/core/product/identifier/S0033291717003774/type/journal_article},
	langid = {en}
}

@article{boustani2008,
	title = {Impact of anticholinergics on the aging brain: a review and practical application},
	author = {Boustani, Malaz and Campbell, Noll and Munger, Stephanie and Maidment, Ian and Fox, Chris},
	year = {2008},
	month = {06},
	date = {2008-06},
	journal = {Aging Health},
	pages = {311--320},
	volume = {4},
	number = {3},
	doi = {10.2217/1745509X.4.3.311},
	url = {https://www.futuremedicine.com/doi/10.2217/1745509X.4.3.311},
	langid = {en}
}

@article{lee1994,
	title = {Effects of clozapine on cognitive function in schizophrenia},
	author = {Lee, M. A. and Thompson, P. A. and Meltzer, H. Y.},
	year = {1994},
	month = {09},
	date = {1994-09},
	journal = {The Journal of Clinical Psychiatry},
	pages = {82--87},
	volume = {55 Suppl B},
	note = {PMID: 7961582},
	langid = {eng}
}

@article{medalia2018,
	title = {Personalised treatment for cognitive dysfunction in individuals with schizophrenia spectrum disorders},
	author = {Medalia, Alice and Saperstein, Alice M. and Hansen, Marie C. and Lee, Seonjoo},
	year = {2018},
	month = {06},
	date = {2018-06},
	journal = {Neuropsychological Rehabilitation},
	pages = {602--613},
	volume = {28},
	number = {4},
	doi = {10.1080/09602011.2016.1189341},
	note = {PMID: 27219068
PMCID: PMC5951177},
	langid = {eng}
}

@article{bora2018,
	title = {The relationship between cognitive impairment in schizophrenia and metabolic syndrome: a systematic review and meta-analysis - CORRIGENDUM},
	author = {Bora, E. and Akdede, B. B. and Alptekin, K.},
	year = {2018},
	month = {05},
	date = {2018-05},
	journal = {Psychological Medicine},
	pages = {1224},
	volume = {48},
	number = {7},
	doi = {10.1017/S0033291717003932},
	note = {PMID: 29415783},
	langid = {eng}
}

@article{chen2020,
	title = {The correlation between metabolic syndrome and neurocognitive and social cognitive performance of patients with schizophrenia},
	author = {Chen, Shengyun and Xia, Xiaowei and Deng, Chao and Wu, Xiuhua and Han, Zili and Tao, Jiong and Wu, Xiaoli},
	year = {2020},
	month = {06},
	date = {2020-06},
	journal = {Psychiatry Research},
	pages = {112941},
	volume = {288},
	doi = {10.1016/j.psychres.2020.112941},
	url = {https://linkinghub.elsevier.com/retrieve/pii/S0165178119304445},
	langid = {en}
}

@article{hedges2003,
	title = {Antipsychotic medication and seizures: a review},
	author = {Hedges, Dawson and Jeppson, Kreg and Whitehead, Paul},
	year = {2003},
	month = {07},
	date = {2003-07},
	journal = {Drugs of Today (Barcelona, Spain: 1998)},
	pages = {551--557},
	volume = {39},
	number = {7},
	doi = {10.1358/dot.2003.39.7.799445},
	note = {PMID: 12973403},
	langid = {eng}
}

@article{kumlien2010,
	title = {Seizure risk associated with neuroactive drugs: Data from the WHO adverse drug reactions database},
	author = {Kumlien, Eva and Lundberg, Per Olov},
	year = {2010},
	month = {03},
	date = {2010-03},
	journal = {Seizure},
	pages = {69--73},
	volume = {19},
	number = {2},
	doi = {10.1016/j.seizure.2009.11.005},
	url = {https://linkinghub.elsevier.com/retrieve/pii/S1059131109002337},
	langid = {en}
}

@article{lertxundi2013,
	title = {Antipsychotics and seizures: Higher risk with atypicals?},
	author = {Lertxundi, Unax and Hernandez, Rafael and Medrano, Juan and Domingo-Echaburu, Saioa and {García}, Monserrat and Aguirre, Carmelo},
	year = {2013},
	month = {03},
	date = {2013-03},
	journal = {Seizure},
	pages = {141--143},
	volume = {22},
	number = {2},
	doi = {10.1016/j.seizure.2012.10.009},
	url = {https://linkinghub.elsevier.com/retrieve/pii/S1059131112002841},
	langid = {en}
}

@article{centorrino2002,
	title = {EEG Abnormalities During Treatment With Typical and Atypical Antipsychotics},
	author = {Centorrino, Franca and Price, Bruce H. and Tuttle, Margaret and Bahk, Won-Myong and Hennen, John and Albert, Matthew J. and Baldessarini, Ross J.},
	year = {2002},
	month = {01},
	date = {2002-01},
	journal = {American Journal of Psychiatry},
	pages = {109--115},
	volume = {159},
	number = {1},
	doi = {10.1176/appi.ajp.159.1.109},
	url = {http://psychiatryonline.org/doi/abs/10.1176/appi.ajp.159.1.109},
	langid = {en}
}


@article{schuld_EEG_2000,
	title = {A comparison of the effects of clozapine and olanzapine on the {EEG} in patients with schizophrenia},
	volume = {33},
	issn = {0176-3679},
	doi = {10.1055/s-2000-7976},
	language = {eng},
	number = {3},
	journal = {Pharmacopsychiatry},
	author = {Schuld, A. and Kühn, M. and Haack, M. and Kraus, T. and Hinze-Selch, D. and Lechner, C. and Pollmächer, T.},
	month = may,
	year = {2000},
	pmid = {10855462},
	keywords = {Adult, Aged, Antipsychotic Agents, Benzodiazepines, Clozapine, Drug Therapy, Combination, Electroencephalography, Female, Humans, Male, Middle Aged, Olanzapine, Pirenzepine, Schizophrenia},
	pages = {109--111},
}


@article{amann2003,
	title = {EEG abnormalities associated with antipsychotics: a comparison of quetiapine, olanzapine, haloperidol and healthy subjects},
	author = {Amann, Benedikt L. and Pogarell, Oliver and Mergl, Roland and Juckel, Georg and Grunze, Heinz and Mulert, Christoph and Hegerl, Ulrich},
	year = {2003},
	month = {12},
	date = {2003-12},
	journal = {Human Psychopharmacology},
	pages = {641--646},
	volume = {18},
	number = {8},
	doi = {10.1002/hup.537},
	note = {PMID: 14696024},
	langid = {eng}
}

@article{bloechliger2015,
	title = {Antipsychotic drug use and the risk of seizures: follow-up study with a nested case-control analysis},
	author = {Bloechliger, Marlene and {Rüegg}, Stephan and Jick, Susan S. and Meier, Christoph R. and Bodmer, Michael},
	year = {2015},
	month = {07},
	date = {2015-07},
	journal = {CNS drugs},
	pages = {591--603},
	volume = {29},
	number = {7},
	doi = {10.1007/s40263-015-0262-y},
	note = {PMID: 26242478},
	langid = {eng}
}

@article{bozzi2013,
	title = {The role of dopamine signaling in epileptogenesis},
	author = {Bozzi, Yuri and Borrelli, Emiliana},
	year = {2013},
	month = {09},
	date = {2013-09-17},
	journal = {Frontiers in Cellular Neuroscience},
	pages = {157},
	volume = {7},
	doi = {10.3389/fncel.2013.00157},
	note = {PMID: 24062645
PMCID: PMC3774988},
	langid = {eng}
}

@article{hyun2011,
	title = {Effects of Psychotropic Drugs on Quantitative EEG among Patients with Schizophrenia-spectrum Disorders},
	author = {Hyun, June and Baik, Myung Jae and Kang, Ung Gu},
	year = {2011},
	month = {08},
	date = {2011-08-28},
	journal = {Clinical Psychopharmacology and Neuroscience},
	pages = {78--85},
	volume = {9},
	number = {2},
	doi = {10.9758/cpn.2011.9.2.78},
	url = {http://www.cpn.or.kr/journal/view.html?doi=10.9758/cpn.2011.9.2.78},
	langid = {en}
}

@article{ozaki2021,
	title = {Quantitative Resting State Electroencephalography in Patients with Schizophrenia Spectrum Disorders Treated with Strict Monotherapy Using Atypical Antipsychotics},
	author = {Ozaki, Takashi and Toyomaki, Atsuhito and Hashimoto, Naoki and Kusumi, Ichiro},
	year = {2021},
	month = {05},
	date = {2021-05-31},
	journal = {Clinical Psychopharmacology and Neuroscience},
	pages = {313--322},
	volume = {19},
	number = {2},
	doi = {10.9758/cpn.2021.19.2.313},
	url = {http://www.cpn.or.kr/journal/view.html?doi=10.9758/cpn.2021.19.2.313},
	langid = {en}
}

@article{galderisi2002,
	title = {Clinical applications of pharmaco-EEG in psychiatry: the prediction of response to treatment with antipsychotics},
	author = {Galderisi, S.},
	year = {2002},
	date = {2002},
	journal = {Methods and Findings in Experimental and Clinical Pharmacology},
	pages = {85--89},
	volume = {24 Suppl C},
	note = {PMID: 12575491},
	langid = {eng}
}

@article{lacroix1995,
	title = {Quantified EEG changes associated with a positive clinical response to clozapine in schizophrenia},
	author = {Lacroix, Denis and Chaput, Yves and Rodriguez, Jean-Pierre and Filion, Michel and Morrison, Denis and St-Denis, Pierre and Albert, Jean-Marie},
	year = {1995},
	month = {09},
	date = {1995-09},
	journal = {Progress in Neuro-Psychopharmacology and Biological Psychiatry},
	pages = {861--876},
	volume = {19},
	number = {5},
	doi = {10.1016/0278-5846(95)00116-D},
	url = {https://linkinghub.elsevier.com/retrieve/pii/027858469500116D},
	langid = {en}
}

@article{kikuchi2014,
	title = {Clozapine-induced seizures, electroencephalography abnormalities, and clinical responses in Japanese patients with schizophrenia},
	author = {Kikuchi, Yuka Sugawara and Sato, Wataru and Ataka, Keiichiro and Yagisawa, Kiwamu and Omori, Yuki and Kanbayashi, Takashi and Shimizu, Tetsuo},
	year = {2014},
	date = {2014},
	journal = {Neuropsychiatric Disease and Treatment},
	pages = {1973--1978},
	volume = {10},
	doi = {10.2147/NDT.S69784},
	note = {PMID: 25342906
PMCID: PMC4206387},
	langid = {eng}
}

@article{zhdanov2020,
	title = {Use of Machine Learning for Predicting Escitalopram Treatment Outcome From Electroencephalography Recordings in Adult Patients With Depression},
	author = {Zhdanov, Andrey and Atluri, Sravya and Wong, Willy and Vaghei, Yasaman and Daskalakis, Zafiris J. and Blumberger, Daniel M. and Frey, Benicio N. and Giacobbe, Peter and Lam, Raymond W. and Milev, Roumen and Mueller, Daniel J. and Turecki, Gustavo and Parikh, Sagar V. and Rotzinger, Susan and Soares, Claudio N. and Brenner, Colleen A. and Vila-Rodriguez, Fidel and McAndrews, Mary Pat and Kleffner, Killian and Alonso-Prieto, Esther and Arnott, Stephen R. and Foster, Jane A. and Strother, Stephen C. and Uher, Rudolf and Kennedy, Sidney H. and Farzan, Faranak},
	year = {2020},
	month = {01},
	date = {2020-01-03},
	journal = {JAMA Network Open},
	pages = {e1918377},
	volume = {3},
	number = {1},
	doi = {10.1001/jamanetworkopen.2019.18377},
	url = {https://jamanetwork.com/journals/jamanetworkopen/fullarticle/2758210},
	langid = {en}
}

@article{kikuchi2007,
	title = {Native EEG and treatment effects in neuroleptic-naïve schizophrenic patients: time and frequency domain approaches},
	author = {Kikuchi, Mitsuru and Koenig, Thomas and Wada, Yuji and Higashima, Masato and Koshino, Yoshifumi and Strik, Werner and Dierks, Thomas},
	year = {2007},
	month = {12},
	date = {2007-12},
	journal = {Schizophrenia Research},
	pages = {163--172},
	volume = {97},
	number = {1-3},
	doi = {10.1016/j.schres.2007.07.012},
	note = {PMID: 17703921},
	langid = {eng}
}

@article{kim2021,
	title = {EEG microstate features for schizophrenia classification},
	author = {Kim, Kyungwon and Duc, Nguyen Thanh and Choi, Min and Lee, Boreom},
	year = {2021},
	date = {2021},
	journal = {PloS One},
	pages = {e0251842},
	volume = {16},
	number = {5},
	doi = {10.1371/journal.pone.0251842},
	note = {PMID: 33989352
PMCID: PMC8121321},
	langid = {eng}
}

@article{perrottelli2021,
	title = {EEG-Based Measures in At-Risk Mental State and Early Stages of Schizophrenia: A Systematic Review},
	author = {Perrottelli, Andrea and Giordano, Giulia Maria and Brando, Francesco and Giuliani, Luigi and Mucci, Armida},
	year = {2021},
	month = {05},
	date = {2021-05-04},
	journal = {Frontiers in Psychiatry},
	pages = {653642},
	volume = {12},
	doi = {10.3389/fpsyt.2021.653642},
	url = {https://www.frontiersin.org/articles/10.3389/fpsyt.2021.653642/full}
}

@article{sachdev1998,
	title = {Schizophrenia-like psychosis and epilepsy: the status of the association},
	author = {Sachdev, P.},
	year = {1998},
	month = {03},
	date = {1998-03},
	journal = {The American Journal of Psychiatry},
	pages = {325--336},
	volume = {155},
	number = {3},
	doi = {10.1176/ajp.155.3.325},
	note = {PMID: 9501741},
	langid = {eng}
}

@article{endres2017,
	title = {Schizophrenia Associated with Epileptiform Discharges without Seizures Successfully Treated with Levetiracetam},
	author = {Endres, Dominique and Perlov, Evgeniy and Feige, Bernd and {Altenmüller}, Dirk-Matthias and Venhoff, Nils and Tebartz van Elst, Ludger},
	year = {2017},
	date = {2017},
	journal = {Frontiers in Psychiatry},
	pages = {12},
	volume = {8},
	doi = {10.3389/fpsyt.2017.00012},
	note = {PMID: 28228737
PMCID: PMC5296318},
	langid = {eng}
}

@article{sam2001,
	title = {Significance of epileptiform discharges in patients without epilepsy in the community},
	author = {Sam, M. C. and So, E. L.},
	year = {2001},
	month = {10},
	date = {2001-10},
	journal = {Epilepsia},
	pages = {1273--1278},
	volume = {42},
	number = {10},
	doi = {10.1046/j.1528-1157.2001.17101.x},
	note = {PMID: 11737162},
	langid = {eng}
}

@article{kossen2001,
	title = {Elevated clozapine plasma level with lamotrigine},
	author = {Kossen, M. and Selten, J. P. and Kahn, R. S.},
	year = {2001},
	month = {11},
	date = {2001-11},
	journal = {The American Journal of Psychiatry},
	pages = {1930},
	volume = {158},
	number = {11},
	doi = {10.1176/appi.ajp.158.11.1930},
	note = {PMID: 11691709},
	langid = {eng}
}

@article{bienentreu2005,
	title = {Increase in risperidone plasma level with lamotrigine},
	author = {Bienentreu, Sara Doris and {Kronmüller}, Klaus-Thomas Helmut},
	year = {2005},
	month = {04},
	date = {2005-04},
	journal = {The American Journal of Psychiatry},
	pages = {811--812},
	volume = {162},
	number = {4},
	doi = {10.1176/appi.ajp.162.4.811-a},
	note = {PMID: 15800164},
	langid = {eng}
}

@article{spina2006,
	title = {Effect of adjunctive lamotrigine treatment on the plasma concentrations of clozapine, risperidone and olanzapine in patients with schizophrenia or bipolar disorder},
	author = {Spina, Edoardo and {D'Arrigo}, Concetta and Migliardi, Gaetana and Santoro, Vincenza and Muscatello, Maria Rosaria and {Micò}, Umberto and {D'Amico}, Giuseppina and Perucca, Emilio},
	year = {2006},
	month = {10},
	date = {2006-10},
	journal = {Therapeutic Drug Monitoring},
	pages = {599--602},
	volume = {28},
	number = {5},
	doi = {10.1097/01.ftd.0000246763.59506.b0},
	note = {PMID: 17038872},
	langid = {eng}
}

@article{migliardi2007,
	title = {Effect of topiramate on plasma concentrations of clozapine, olanzapine, risperidone, and quetiapine in patients with psychotic disorders},
	author = {Migliardi, Gaetana and {D'Arrigo}, Concetta and Santoro, Vincenza and Bruno, Antonio and Cortese, Lara and Campolo, Domenica and Cacciola, Massimo and Spina, Edoardo},
	year = {2007},
	month = {04},
	date = {2007-04},
	journal = {Clinical Neuropharmacology},
	pages = {107--113},
	volume = {30},
	number = {2},
	doi = {10.1097/01.wnf.0000240955.49315.65},
	note = {PMID: 17414943},
	langid = {eng}
}

@article{dannaram2012,
	title = {Levetiracetam-induced acute psychotic episode},
	author = {Dannaram, Srinivas and Borra, Dileep and Pulluri, Madhuri and Jindal, Prachi and Sharma, Ashish},
	year = {2012},
	month = {10},
	date = {2012-10},
	journal = {Innovations in Clinical Neuroscience},
	pages = {10--12},
	volume = {9},
	number = {10},
	note = {PMID: 23198271
PMCID: PMC3508956},
	langid = {eng}
}

@article{caroff2021,
	title = {Drug-induced Hyperthermic Syndromes in Psychiatry},
	author = {Caroff, Stanley N. and Watson, Charles B. and Rosenberg, Henry},
	year = {2021},
	month = {02},
	date = {2021-02-28},
	journal = {Clinical Psychopharmacology and Neuroscience},
	pages = {1--11},
	volume = {19},
	number = {1},
	doi = {10.9758/cpn.2021.19.1.1},
	url = {http://www.cpn.or.kr/journal/view.html?doi=10.9758/cpn.2021.19.1.1},
	langid = {en}
}

@article{benarroch2007,
	title = {Thermoregulation: recent concepts and remaining questions},
	author = {Benarroch, Eduardo E.},
	year = {2007},
	month = {09},
	date = {2007-09-18},
	journal = {Neurology},
	pages = {1293--1297},
	volume = {69},
	number = {12},
	doi = {10.1212/01.wnl.0000275537.71623.8e},
	note = {PMID: 17875917},
	langid = {eng}
}

@article{morrison2011,
	title = {Central neural pathways for thermoregulation},
	author = {Morrison, Shaun F. and Nakamura, Kazuhiro},
	year = {2011},
	month = {01},
	date = {2011-01-01},
	journal = {Frontiers in Bioscience (Landmark Edition)},
	pages = {74--104},
	volume = {16},
	number = {1},
	doi = {10.2741/3677},
	note = {PMID: 21196160
PMCID: PMC3051412},
	langid = {eng}
}

@article{loughnane1968,
	title = {Hypothermia in a young adult},
	author = {Loughnane, T.},
	year = {1968},
	month = {08},
	date = {1968-08-24},
	journal = {Lancet (London, England)},
	pages = {455--456},
	volume = {2},
	number = {7565},
	doi = {10.1016/s0140-6736(68)90491-1},
	note = {PMID: 4174175},
	langid = {eng}
}

@article{delay1960,
	title = {[A non-phenothiazine and non-reserpine major neuroleptic, haloperidol, in the treatment of psychoses]},
	author = {Delay, J. and Pichot, P. and Lemperiere, T. and Elissalde, B. and Peigne, F.},
	year = {1960},
	month = {01},
	date = {1960-01},
	journal = {Annales Medico-Psychologiques},
	pages = {145--152},
	volume = {118(1)},
	note = {PMID: 13815606},
	langid = {fre}
}

@article{ahuja2009,
	title = {Hyperthermia syndromes in psychiatry},
	author = {Ahuja, Niraj and Cole, Andrew J.},
	year = {2009},
	month = {05},
	date = {2009-05},
	journal = {Advances in Psychiatric Treatment},
	pages = {181--191},
	volume = {15},
	number = {3},
	doi = {10.1192/apt.bp.107.005090},
	url = {https://www.cambridge.org/core/product/identifier/S1355514600005630/type/journal_article},
	langid = {en}
}

@article{kwok2005,
	title = {Recurrent heat-related illnesses during antipsychotic treatment},
	author = {Kwok, Jeffrey S. S. and Chan, Thomas Y. K.},
	year = {2005},
	month = {11},
	date = {2005-11},
	journal = {The Annals of Pharmacotherapy},
	pages = {1940--1942},
	volume = {39},
	number = {11},
	doi = {10.1345/aph.1G130},
	note = {PMID: 16174785},
	langid = {eng}
}

@article{hifumi2018,
	title = {Heat stroke},
	author = {Hifumi, Toru and Kondo, Yutaka and Shimizu, Keiki and Miyake, Yasufumi},
	year = {2018},
	date = {2018},
	journal = {Journal of Intensive Care},
	pages = {30},
	volume = {6},
	doi = {10.1186/s40560-018-0298-4},
	note = {PMID: 29850022
PMCID: PMC5964884},
	langid = {eng}
}

@article{bouchama2007,
	title = {Prognostic factors in heat wave related deaths: a meta-analysis},
	author = {Bouchama, Abderrezak and Dehbi, Mohammed and Mohamed, Gamal and Matthies, Franziska and Shoukri, Mohamed and Menne, Bettina},
	year = {2007},
	month = {11},
	date = {2007-11-12},
	journal = {Archives of Internal Medicine},
	pages = {2170--2176},
	volume = {167},
	number = {20},
	doi = {10.1001/archinte.167.20.ira70009},
	note = {PMID: 17698676},
	langid = {eng}
}

@article{bark1998,
	title = {Deaths of Psychiatric Patients During Heat Waves},
	author = {Bark, Nigel},
	year = {1998},
	month = {08},
	date = {1998-08},
	journal = {Psychiatric Services},
	pages = {1088--1090},
	volume = {49},
	number = {8},
	doi = {10.1176/ps.49.8.1088},
	url = {http://psychiatryonline.org/doi/abs/10.1176/ps.49.8.1088},
	langid = {en}
}

@article{vanmarum2007,
	title = {Hypothermia following antipsychotic drug use},
	author = {van Marum, Rob J. and Wegewijs, Michelle A. and Loonen, Anton J. M. and Beers, Erna},
	year = {2007},
	month = {06},
	date = {2007-06},
	journal = {European Journal of Clinical Pharmacology},
	pages = {627--631},
	volume = {63},
	number = {6},
	doi = {10.1007/s00228-007-0294-4},
	note = {PMID: 17401555
PMCID: PMC1914304},
	langid = {eng}
}

@article{zonnenberg2017,
	title = {Hypothermia due to Antipsychotic Medication: A Systematic Review},
	author = {Zonnenberg, Cherryl and Bueno-de-Mesquita, Jolien M. and Ramlal, Dharmindredew and Blom, Jan Dirk},
	year = {2017},
	date = {2017},
	journal = {Frontiers in Psychiatry},
	pages = {165},
	volume = {8},
	doi = {10.3389/fpsyt.2017.00165},
	note = {PMID: 28936184
PMCID: PMC5594062},
	langid = {eng}
}

@article{mccullough2004,
	title = {Diagnosis and treatment of hypothermia},
	author = {McCullough, Lynne and Arora, Sanjay},
	year = {2004},
	month = {12},
	date = {2004-12-15},
	journal = {American Family Physician},
	pages = {2325--2332},
	volume = {70},
	number = {12},
	note = {PMID: 15617296},
	langid = {eng}
}

@article{lehman2004,
	title = {Practice guideline for the treatment of patients with schizophrenia, second edition},
	author = {Lehman, Anthony F. and Lieberman, Jeffrey A. and Dixon, Lisa B. and McGlashan, Thomas H. and Miller, Alexander L. and Perkins, Diana O. and Kreyenbuhl, Julie and American Psychiatric Association,  and Steering Committee on Practice Guidelines, },
	year = {2004},
	month = {02},
	date = {2004-02},
	journal = {The American Journal of Psychiatry},
	pages = {1--56},
	volume = {161},
	number = {2 Suppl},
	note = {PMID: 15000267},
	langid = {eng}
}

@article{chou2016,
	title = {Use of atypical antipsychotics and risks of cataract development in patients with schizophrenia: A population-based, nested case-control study},
	author = {Chou, Po-Han and Chu, Che-Sheng and Lin, Ching-Heng and Cheng, Chin and Chen, Yi-Huey and Lan, Tsuo-Hung and Huang, Min-Wei},
	year = {2016},
	month = {07},
	date = {2016-07},
	journal = {Schizophrenia Research},
	pages = {137--143},
	volume = {174},
	number = {1-3},
	doi = {10.1016/j.schres.2016.03.027},
	url = {https://linkinghub.elsevier.com/retrieve/pii/S0920996416301207},
	langid = {en}
}

@article{richa2010,
	title = {Ocular adverse effects of common psychotropic agents: a review},
	author = {Richa, Sami and Yazbek, Jean-Claude},
	year = {2010},
	month = {06},
	date = {2010-06},
	journal = {CNS drugs},
	pages = {501--526},
	volume = {24},
	number = {6},
	doi = {10.2165/11533180-000000000-00000},
	note = {PMID: 20443647},
	langid = {eng}
}

@article{pakzadvaezi2013,
	title = {The association between cataract surgery and atypical antipsychotic use: a nested case-control study},
	author = {Pakzad-Vaezi, Kaivon L. and Etminan, Mahyar and Mikelberg, Frederick S.},
	year = {2013},
	month = {12},
	date = {2013-12},
	journal = {American Journal of Ophthalmology},
	pages = {1141--1146.e1},
	volume = {156},
	number = {6},
	doi = {10.1016/j.ajo.2013.07.012},
	note = {PMID: 24075430},
	langid = {eng}
}

@article{valibhai2001,
	title = {Cataracts and Quetiapine},
	author = {Valibhai, Fakhrudin and Phan, Ngu B. and Still, Daniel J. and True, Janet},
	year = {2001},
	month = {06},
	date = {2001-06},
	journal = {American Journal of Psychiatry},
	pages = {966--966},
	volume = {158},
	number = {6},
	doi = {10.1176/appi.ajp.158.6.966},
	url = {http://psychiatryonline.org/doi/abs/10.1176/appi.ajp.158.6.966},
	langid = {en}
}

@article{shahzad2002,
	title = {Cataract Occurrence With Antipsychotic Drugs},
	author = {Shahzad, Sajida and Suleman, Mohammad-Irfan and Shahab, Hasan and Mazour, Iourii and Kaur, Amanpreet and Rudzinskiy, Peter and Lippmann, Steven},
	year = {2002},
	month = {09},
	date = {2002-09},
	journal = {Psychosomatics},
	pages = {354--359},
	volume = {43},
	number = {5},
	doi = {10.1176/appi.psy.43.5.354},
	url = {https://linkinghub.elsevier.com/retrieve/pii/S0033318202703629},
	langid = {en}
}

@article{mathalone1967,
	title = {Eye and skin changes in psychiatric patients treated with chlorpromazine},
	author = {Mathalone, M. B.},
	year = {1967},
	month = {02},
	date = {1967-02},
	journal = {The British Journal of Ophthalmology},
	pages = {86--93},
	volume = {51},
	number = {2},
	doi = {10.1136/bjo.51.2.86},
	note = {PMID: 6018911
PMCID: PMC506336},
	langid = {eng}
}

@article{nakamura1997,
	title = {M3 muscarinic receptor mediates regulation of protein secretion in rabbit lacrimal gland},
	author = {Nakamura, M. and Tada, Y. and Akaishi, T. and Nakata, K.},
	year = {1997},
	month = {06},
	date = {1997-06},
	journal = {Current Eye Research},
	pages = {614--619},
	volume = {16},
	number = {6},
	doi = {10.1076/ceyr.16.6.614.5077},
	note = {PMID: 9192172},
	langid = {eng}
}

@article{liang2020,
	title = {The association of dry eye syndrome and psychiatric disorders: a nationwide population-based cohort study},
	author = {Liang, Chiao-Ying and Cheang, Wai-Man and Wang, Chun-Yuan and Lin, Keng-Hung and Wei, Li-Chen and Chen, Yu-Yen and Shen, Ying-Cheng},
	year = {2020},
	month = {03},
	date = {2020-03-30},
	journal = {BMC ophthalmology},
	pages = {123},
	volume = {20},
	number = {1},
	doi = {10.1186/s12886-020-01395-z},
	note = {PMID: 32228638
PMCID: PMC7106586},
	langid = {eng}
}

@article{white2019,
	title = {Real-World Treatment Patterns Of Cyclosporine Ophthalmic Emulsion And Lifitegrast Ophthalmic Solution Among Patients With Dry Eye},
	author = {White, Darrell E. and Zhao, Yang and Ogundele, Abayomi and Fulcher, Nicole and Acs, Annabel and Moore-Schiltz, Laura and Karpecki, Paul M.},
	year = {2019},
	date = {2019},
	journal = {Clinical Ophthalmology (Auckland, N.Z.)},
	pages = {2285--2292},
	volume = {13},
	doi = {10.2147/OPTH.S226168},
	note = {PMID: 31819353
PMCID: PMC6878923},
	langid = {eng}
}

@article{praveenkumar2018,
	title = {Aripiprazole-induced transient myopia: A rare entity},
	author = {Praveen Kumar, K. V. and Chiranjeevi, P. and Alam, Md Shahid},
	year = {2018},
	month = {01},
	date = {2018-01},
	journal = {Indian Journal of Ophthalmology},
	pages = {130--131},
	volume = {66},
	number = {1},
	doi = {10.4103/ijo.IJO_907_16},
	note = {PMID: 29283140
PMCID: PMC5778548},
	langid = {eng}
}

@article{stratos2011,
	title = {Secondary pseudomyopia induced by amisulpride},
	author = {Stratos, Aimilianos A. and Peponis, Vasileios G. and Portaliou, Dimitra M. and Stroubini, Theodora E. and Skouriotis, Sotirios and Kymionis, George D.},
	year = {2011},
	month = {11},
	date = {2011-11},
	journal = {Optometry and Vision Science: Official Publication of the American Academy of Optometry},
	pages = {1380--1382},
	volume = {88},
	number = {11},
	doi = {10.1097/OPX.0b013e3182297d44},
	note = {PMID: 21822161},
	langid = {eng}
}

@article{epstein1968,
	title = {Chlorpromazine Photosensitivity: Phototoxic and Photoallergic Reactions},
	author = {Epstein, Stephan},
	year = {1968},
	month = {10},
	date = {1968-10-01},
	journal = {Archives of Dermatology},
	pages = {354},
	volume = {98},
	number = {4},
	doi = {10.1001/archderm.1968.01610160028006},
	url = {http://archderm.jamanetwork.com/article.aspx?doi=10.1001/archderm.1968.01610160028006},
	langid = {en}
}

@article{chignell1985,
	title = {Photoinduced free radicals from chlorpromazine and related phenothiazines: relationship to phenothiazine-induced photosensitization},
	author = {Chignell, C. F. and Motten, A. G. and Buettner, G. R.},
	year = {1985},
	month = {12},
	date = {1985-12},
	journal = {Environmental Health Perspectives},
	pages = {103--110},
	volume = {64},
	doi = {10.1289/ehp.8564103},
	note = {PMID: 2869942
PMCID: PMC1568610},
	langid = {eng}
}

@article{kochevar1981,
	title = {Phototoxicity mechanisms: chlorpromazine photosensitized damage to DNA and cell membranes},
	author = {Kochevar, K. E.},
	year = {1981},
	month = {07},
	date = {1981-07},
	journal = {The Journal of Investigative Dermatology},
	pages = {59--64},
	volume = {77},
	number = {1},
	doi = {10.1111/1523-1747.ep12479244},
	note = {PMID: 7252258},
	langid = {eng}
}

@article{seeman2009,
	title = {Secondary effects of antipsychotics: women at greater risk than men},
	author = {Seeman, Mary V.},
	year = {2009},
	month = {09},
	date = {2009-09},
	journal = {Schizophrenia Bulletin},
	pages = {937--948},
	volume = {35},
	number = {5},
	doi = {10.1093/schbul/sbn023},
	note = {PMID: 18400811
PMCID: PMC2728808},
	langid = {eng}
}

@article{mckinney1996,
	title = {Alopecia and mood stabilizer therapy},
	author = {McKinney, P. A. and Finkenbine, R. D. and DeVane, C. L.},
	year = {1996},
	month = {09},
	date = {1996-09},
	journal = {Annals of Clinical Psychiatry: Official Journal of the American Academy of Clinical Psychiatrists},
	pages = {183--185},
	volume = {8},
	number = {3},
	doi = {10.3109/10401239609147756},
	note = {PMID: 8899137},
	langid = {eng}
}

@article{mercke2000,
	title = {Hair loss in psychopharmacology},
	author = {Mercke, Y. and Sheng, H. and Khan, T. and Lippmann, S.},
	year = {2000},
	month = {03},
	date = {2000-03},
	journal = {Annals of Clinical Psychiatry: Official Journal of the American Academy of Clinical Psychiatrists},
	pages = {35--42},
	volume = {12},
	number = {1},
	doi = {10.1023/a:1009074926921},
	note = {PMID: 10798824},
	langid = {eng}
}

@article{druschky2018,
	title = {Severe hair loss associated with psychotropic drugs in psychiatric inpatients-Data from an observational pharmacovigilance program in German-speaking countries},
	author = {Druschky, Katrin and Bleich, Stefan and Grohmann, Renate and Burda, Katharina and Frieling, Helge and Hillemacher, Thomas and Neyazi, Alexandra and {Stübner}, Susanne and Toto, Sermin},
	year = {2018},
	month = {10},
	date = {2018-10},
	journal = {European Psychiatry: The Journal of the Association of European Psychiatrists},
	pages = {117--123},
	volume = {54},
	doi = {10.1016/j.eurpsy.2018.08.003},
	note = {PMID: 30193142},
	langid = {eng}
}

@article{mclean2007,
	title = {Alopecia associated with quetiapine:},
	author = {McLean, Rachael M. and Harrison-Woolrych, Mira},
	year = {2007},
	month = {03},
	date = {2007-03},
	journal = {International Clinical Psychopharmacology},
	pages = {117--119},
	volume = {22},
	number = {2},
	doi = {10.1097/YIC.0b013e3280117fff},
	url = {http://journals.lww.com/00004850-200703000-00008},
	langid = {en}
}

@article{kuloglu2003,
	title = {Serum iron levels in schizophrenic patients with or without akathisia},
	author = {Kuloglu, Murat and Atmaca, Murad and {Ustündag}, Bilal and Canatan, Halit and Gecici, Omer and Tezcan, Ertan},
	year = {2003},
	month = {03},
	date = {2003-03},
	journal = {European Neuropsychopharmacology: The Journal of the European College of Neuropsychopharmacology},
	pages = {67--71},
	volume = {13},
	number = {2},
	doi = {10.1016/s0924-977x(02)00073-1},
	note = {PMID: 12650948},
	langid = {eng}
}

@article{jha2016,
	title = {Alopecia Areata Monolocularis in Clozapine-induced Hypereosinophilia},
	author = {Jha, Shailesh and Khanna, Amit},
	year = {2016},
	month = {02},
	date = {2016-02},
	journal = {Indian Journal of Psychological Medicine},
	pages = {84--85},
	volume = {38},
	number = {1},
	doi = {10.4103/0253-7176.175136},
	note = {PMID: 27011413
PMCID: PMC4782456},
	langid = {eng}
}
