
@article{reaven1988,
	title = {Banting lecture 1988. Role of insulin resistance in human disease},
	author = {Reaven, G. M.},
	year = {1988},
	month = {12},
	date = {1988-12},
	journal = {Diabetes},
	pages = {1595--1607},
	volume = {37},
	number = {12},
	doi = {10.2337/diab.37.12.1595},
	note = {PMID: 3056758},
	langid = {eng}
}

@article{haller1977,
	title = {[Epidermiology and associated risk factors of hyperlipoproteinemia]},
	author = {Haller, H.},
	year = {1977},
	month = {04},
	date = {1977-04-15},
	journal = {Zeitschrift Fur Die Gesamte Innere Medizin Und Ihre Grenzgebiete},
	pages = {124--128},
	volume = {32},
	number = {8},
	note = {PMID: 883354},
	langid = {ger}
}

@article{oda2012,
	title = {Metabolic syndrome: its history, mechanisms, and limitations},
	author = {Oda, Eiji},
	year = {2012},
	month = {04},
	date = {2012-04},
	journal = {Acta Diabetologica},
	pages = {89--95},
	volume = {49},
	number = {2},
	doi = {10.1007/s00592-011-0309-6},
	url = {http://link.springer.com/10.1007/s00592-011-0309-6},
	langid = {en}
}

@article{simmons2010,
	title = {The metabolic syndrome: useful concept or clinical tool? Report of a WHO Expert Consultation},
	author = {Simmons, R. K. and Alberti, K. G. M. M. and Gale, E. a. M. and Colagiuri, S. and Tuomilehto, J. and Qiao, Q. and Ramachandran, A. and Tajima, N. and Brajkovich Mirchov, I. and Ben-Nakhi, A. and Reaven, G. and Hama Sambo, B. and Mendis, S. and Roglic, G.},
	year = {2010},
	month = {04},
	date = {2010-04},
	journal = {Diabetologia},
	pages = {600--605},
	volume = {53},
	number = {4},
	doi = {10.1007/s00125-009-1620-4},
	note = {PMID: 20012011},
	langid = {eng}
}

@article{chopra2020,
	title = {Metabolic Syndrome or Insulin Resistance: Evolution, Controversies and Association With Cardiovascular Disease Risk},
	author = {Chopra, Arun K.},
	year = {2020},
	month = {06},
	date = {2020-06},
	journal = {Indian Journal of Clinical Cardiology},
	pages = {77--85},
	volume = {1},
	number = {2},
	doi = {10.1177/2632463620935030},
	url = {http://journals.sagepub.com/doi/10.1177/2632463620935030},
	langid = {en}
}

@article{penninx2018,
	title = {Metabolic syndrome in psychiatric patients: overview, mechanisms, and implications},
	author = {Penninx, Brenda W. J. H. and Lange, Sjors M. M.},
	year = {2018},
	month = {03},
	date = {2018-03},
	journal = {Dialogues in Clinical Neuroscience},
	pages = {63--73},
	volume = {20},
	number = {1},
	note = {PMID: 29946213
PMCID: PMC6016046},
	langid = {eng}
}

@article{pillinger2017,
	title = {Impaired Glucose Homeostasis in First-Episode Schizophrenia: A Systematic Review and Meta-analysis},
	author = {Pillinger, Toby and Beck, Katherine and Gobjila, Cristian and Donocik, Jacek G. and Jauhar, Sameer and Howes, Oliver D.},
	year = {2017},
	month = {03},
	date = {2017-03-01},
	journal = {JAMA psychiatry},
	pages = {261--269},
	volume = {74},
	number = {3},
	doi = {10.1001/jamapsychiatry.2016.3803},
	note = {PMID: 28097367
PMCID: PMC6352957},
	langid = {eng}
}

@article{yang2020,
	title = {A Meta-Analysis of Abnormal Glucose Metabolism in First-Episode Drug-Naive Schizophrenia},
	author = {Yang, Wenjuan and Zheng, Lulu and Zheng, Bei and Zeng, Shen and Li, Jingjing and Liang, Bingqing and Zhu, Jun and Zhang, Meiling},
	year = {2020},
	date = {2020},
	journal = {Psychiatria Danubina},
	pages = {46--54},
	volume = {32},
	number = {1},
	doi = {10.24869/psyd.2020.46},
	note = {PMID: 32303029},
	langid = {eng}
}

@article{lieberman2004,
	title = {Metabolic changes associated with antipsychotic use},
	author = {Lieberman, Joseph A.},
	year = {2004},
	date = {2004},
	journal = {Primary Care Companion to the Journal of Clinical Psychiatry},
	pages = {8--13},
	volume = {6},
	number = {Suppl 2},
	note = {PMID: 16001095
PMCID: PMC487012},
	langid = {eng}
}

@article{dayabandara2017,
	title = {Antipsychotic-associated weight gain: management strategies and impact on treatment adherence},
	author = {Dayabandara, Madhubhashinee and Hanwella, Raveen and Ratnatunga, Suhashini and Seneviratne, Sudarshi and Suraweera, Chathurie and de Silva, Varuni},
	year = {2017},
	month = {08},
	date = {2017-08},
	journal = {Neuropsychiatric Disease and Treatment},
	pages = {2231--2241},
	volume = {Volume 13},
	doi = {10.2147/NDT.S113099},
	url = {https://www.dovepress.com/antipsychotic-associated-weight-gain-management-strategies-and-impact--peer-reviewed-article-NDT},
	langid = {en}
}

@article{huang2009,
	title = {A comprehensive definition for metabolic syndrome},
	author = {Huang, Paul L.},
	year = {2009},
	month = {06},
	date = {2009-06},
	journal = {Disease Models & Mechanisms},
	pages = {231--237},
	volume = {2},
	number = {5-6},
	doi = {10.1242/dmm.001180},
	note = {PMID: 19407331
PMCID: PMC2675814},
	langid = {eng}
}

@article{citrome2018,
	title = {Why all the fuss about metabolic syndrome?},
	author = {Citrome, Leslie},
	year = {2018},
	month = {08},
	date = {2018-08},
	journal = {International Journal of Clinical Practice},
	pages = {e13244},
	volume = {72},
	number = {8},
	doi = {10.1111/ijcp.13244},
	note = {PMID: 30334596},
	langid = {eng}
}

@article{padmavati2010,
	title = {Metabolic syndrome in mental disorders},
	author = {Padmavati, R.},
	year = {2010},
	month = {01},
	date = {2010-01},
	journal = {The Indian Journal of Medical Research},
	pages = {11--13},
	volume = {131},
	note = {PMID: 20167969},
	langid = {eng}
}

@article{tirupati2007,
	title = {Obesity and metabolic syndrome in a psychiatric rehabilitation service},
	author = {Tirupati, Srinivasan and Chua, Ling-Ern},
	year = {2007},
	month = {07},
	date = {2007-07},
	journal = {The Australian and New Zealand Journal of Psychiatry},
	pages = {606--610},
	volume = {41},
	number = {7},
	doi = {10.1080/00048670701392841},
	note = {PMID: 17558623},
	langid = {eng}
}

@article{owusuansah2018,
	title = {Metabolic Syndrome among Schizophrenic Patients: A Comparative Cross-Sectional Study in the Middle Belt of Ghana},
	author = {{Owusu{\textendash}Ansah}, Angela and Berko Panyin, Anto and Obirikorang, Christian and Agyare, Christian and Acheampong, Emmanuel and Kwofie, Simon and Odame Anto, Enoch and Nsenbah Batu, Emmanuella},
	year = {2018},
	month = {06},
	date = {2018-06-28},
	journal = {Schizophrenia Research and Treatment},
	pages = {1--9},
	volume = {2018},
	doi = {10.1155/2018/6542983},
	url = {https://www.hindawi.com/journals/schizort/2018/6542983/},
	langid = {en}
}

@article{lee2017,
	title = {Prevalence of Metabolic Syndrome in Patients with Schizophrenia in Korea: A Multicenter Nationwide Cross-Sectional Study},
	author = {Lee, Jung Sun and Kwon, Jun Soo and Kim, Daeho and Kim, Sung-Wan and Kim, Jae-Jin and Kim, Jong-Hoon and Nam, Hee Jung and Ryu, Seunghyong and Park, Il Ho and An, Suk Kyoon and Oh, Hong-Seok and Won, Seunghee and Lee, Kanguk and Lee, Kyu Young and Lee, Seung-Hwan and Lee, Yu Sang and Yi, Jung-Seo and Hong, Kyung Sue and Joo, Yeon Ho},
	year = {2017},
	date = {2017},
	journal = {Psychiatry Investigation},
	pages = {44},
	volume = {14},
	number = {1},
	doi = {10.4306/pi.2017.14.1.44},
	url = {http://psychiatryinvestigation.org/journal/view.php?doi=10.4306/pi.2017.14.1.44},
	langid = {en}
}

@article{saddichha2007,
	title = {Incidence of new onset metabolic syndrome with atypical antipsychotics in first episode schizophrenia: a six-week prospective study in Indian female patients},
	author = {Saddichha, Sahoo and Ameen, Shahul and Akhtar, Sayeed},
	year = {2007},
	month = {09},
	date = {2007-09},
	journal = {Schizophrenia Research},
	pages = {247},
	volume = {95},
	number = {1-3},
	doi = {10.1016/j.schres.2007.05.036},
	note = {PMID: 17644311},
	langid = {eng}
}

@article{jeong2018,
	title = {Long-Term Evolution of Metabolic Status in Patients with Schizophrenia Stably Maintained on Second-Generation Antipsychotics},
	author = {Jeong, Seong Hoon and Lee, Nam Young and Kim, Se Hyun and Chung, In Won and Youn, Tak and Kang, Ung Gu and Ahn, Yong Min and You, Han Young and Kim, Yong Sik},
	year = {2018},
	month = {06},
	date = {2018-06},
	journal = {Psychiatry Investigation},
	pages = {628--637},
	volume = {15},
	number = {6},
	doi = {10.30773/pi.2018.01.18.1},
	note = {PMID: 29940717
PMCID: PMC6018140},
	langid = {eng}
}

@article{pillinger2020,
	title = {Comparative effects of 18 antipsychotics on metabolic function in patients with schizophrenia, predictors of metabolic dysregulation, and association with psychopathology: a systematic review and network meta-analysis},
	author = {Pillinger, Toby and McCutcheon, Robert A and Vano, Luke and Mizuno, Yuya and Arumuham, Atheeshaan and Hindley, Guy and Beck, Katherine and Natesan, Sridhar and Efthimiou, Orestis and Cipriani, Andrea and Howes, Oliver D},
	year = {2020},
	month = {01},
	date = {2020-01},
	journal = {The Lancet Psychiatry},
	pages = {64--77},
	volume = {7},
	number = {1},
	doi = {10.1016/S2215-0366(19)30416-X},
	url = {https://linkinghub.elsevier.com/retrieve/pii/S221503661930416X},
	langid = {en}
}

@article{papanastasiou2013,
	title = {The prevalence and mechanisms of metabolic syndrome in schizophrenia: a review},
	author = {Papanastasiou, Evangelos},
	year = {2013},
	month = {02},
	date = {2013-02},
	journal = {Therapeutic Advances in Psychopharmacology},
	pages = {33--51},
	volume = {3},
	number = {1},
	doi = {10.1177/2045125312464385},
	note = {PMID: 23983991
PMCID: PMC3736963},
	langid = {eng}
}

@article{kraal2017,
	title = {Sex Differences in Antipsychotic Related Metabolic Functioning in Schizophrenia Spectrum Disorders},
	author = {Kraal, A. Zarina and Ward, Kristen M. and Ellingrod, Vicki L.},
	year = {2017},
	month = {05},
	date = {2017-05-15},
	journal = {Psychopharmacology Bulletin},
	pages = {8--21},
	volume = {47},
	number = {2},
	note = {PMID: 28626268
PMCID: PMC5472174},
	langid = {eng}
}

@article{schneiderhan2021,
	title = {Observed Sex Differences in Cardiometabolic Indices in Patients on Antipsychotics: Secondary Analyses of a 12-Month Multicenter, Randomized, Controlled Trial},
	author = {Schneiderhan, Mark E. and Li, Xuan},
	year = {2021},
	month = {04},
	date = {2021-04-08},
	journal = {The Primary Care Companion For CNS Disorders},
	volume = {23},
	number = {2},
	doi = {10.4088/PCC.19m02493},
	url = {https://www.psychiatrist.com/pcc/effects/observed-sex-differences-cardiometabolic-indices-patients-antipsychotics/}
}

@article{mitchell2013,
	title = {Is the Prevalence of Metabolic Syndrome and Metabolic Abnormalities Increased in Early Schizophrenia? A Comparative Meta-Analysis of First Episode, Untreated and Treated Patients},
	author = {Mitchell, A. J. and Vancampfort, D. and De Herdt, A. and Yu, W. and De Hert, M.},
	year = {2013},
	month = {03},
	date = {2013-03-01},
	journal = {Schizophrenia Bulletin},
	pages = {295--305},
	volume = {39},
	number = {2},
	doi = {10.1093/schbul/sbs082},
	url = {https://academic.oup.com/schizophreniabulletin/article-lookup/doi/10.1093/schbul/sbs082},
	langid = {en}
}

@article{riordan2011,
	title = {Atypical antipsychotics and metabolic syndrome in patients with schizophrenia: risk factors, monitoring, and healthcare implications},
	author = {Riordan, Henry J. and Antonini, Paola and Murphy, Michael F.},
	year = {2011},
	month = {09},
	date = {2011-09},
	journal = {American Health & Drug Benefits},
	pages = {292--302},
	volume = {4},
	number = {5},
	note = {PMID: 25126357
PMCID: PMC4105724},
	langid = {eng}
}

@article{phillips2015,
	title = {Racial/Ethnic disparities in monitoring metabolic parameters for patients with schizophrenia receiving antipsychotic medications},
	author = {Phillips, Karon L. and Copeland, Laurel A. and Zeber, John E. and Stock, Eileen M. and Tsan, Jack Y. and MacCarthy, Andrea A.},
	year = {2015},
	month = {06},
	date = {2015-06},
	journal = {The American Journal of Geriatric Psychiatry: Official Journal of the American Association for Geriatric Psychiatry},
	pages = {596--606},
	volume = {23},
	number = {6},
	doi = {10.1016/j.jagp.2014.07.007},
	note = {PMID: 25154537},
	langid = {eng}
}

@article{henderson2005,
	title = {Metabolic Differences of Antipsychotics Among the Races},
	author = {Henderson, David C.},
	year = {2005},
	date = {2005},
	journal = {CNS Spectrums},
	pages = {13--20},
	volume = {10},
	number = {S2},
	doi = {10.1017/S1092852900026560},
	url = {https://www.cambridge.org/core/product/identifier/S1092852900026560/type/journal_article},
	langid = {en}
}


@article{wang_MTHFR_2018,
	title = {Association of {MTHFR} {C677T} gene polymorphism with metabolic syndrome in a {Chinese} population: a case-control study},
	volume = {46},
	issn = {1473-2300},
	shorttitle = {Association of {MTHFR} {C677T} gene polymorphism with metabolic syndrome in a {Chinese} population},
	doi = {10.1177/0300060518768969},
	language = {eng},
	number = {7},
	journal = {The Journal of International Medical Research},
	author = {Wang, Jin and Xu, Lijuan and Xia, Hongmiao and Li, Ying and Tang, Shiqi},
	month = jul,
	year = {2018},
	pmid = {29658358},
	pmcid = {PMC6124264},
	keywords = {5,10-methylenetetrahydrofolate reductase, Adult, Asians, blood pressure, Case-Control Studies, China, Female, gene, Genetic Predisposition to Disease, Genotype, homocysteine, Humans, insulin resistance, Male, Metabolic syndrome, Metabolic Syndrome, Methylenetetrahydrofolate Reductase (NADPH2), Middle Aged, polymorphism, Polymorphism, Genetic, Risk Factors},
	pages = {2658--2669},
	file = {Full Text:/Users/anselm/Zotero/storage/964SXBUU/Wang et al. - 2018 - Association of MTHFR C677T gene polymorphism with .pdf:application/pdf},
}


@article{vanwinkel2010,
	title = {MTHFR and risk of metabolic syndrome in patients with schizophrenia},
	author = {van Winkel, Ruud and Rutten, Bart P. and Peerbooms, Odette and Peuskens, Joseph and van Os, Jim and De Hert, Marc},
	year = {2010},
	month = {08},
	date = {2010-08},
	journal = {Schizophrenia Research},
	pages = {193--198},
	volume = {121},
	number = {1-3},
	doi = {10.1016/j.schres.2010.05.030},
	note = {PMID: 20547447},
	langid = {eng}
}

@article{mulder2007,
	title = {The association between HTR2C gene polymorphisms and the metabolic syndrome in patients with schizophrenia},
	author = {Mulder, Hans and Franke, Barbara and van der-Beek van der, Annemarie Aart and Arends, Johan and Wilmink, Frederik W. and Scheffer, Hans and Egberts, Antoine C. G.},
	year = {2007},
	month = {08},
	date = {2007-08},
	journal = {Journal of Clinical Psychopharmacology},
	pages = {338--343},
	volume = {27},
	number = {4},
	doi = {10.1097/JCP.0b013e3180a76dc0},
	note = {PMID: 17632216},
	langid = {eng}
}

@article{milewicz2011,
	title = {Are endocannabinoid type 1 receptor gene (CNR1) polymorphisms associated with obesity and metabolic syndrome in postmenopausal Polish women?},
	author = {Milewicz, A. and {Tworowska-Bardzi{\'{n}}ska}, U. and {J{\k{e}}drzejuk}, D. and Lwow, F. and Dunajska, K. and {{\L}aczma{\'{n}}ski}, {{\L}} and Pawlak, M.},
	year = {2011},
	month = {03},
	date = {2011-03},
	journal = {International Journal of Obesity (2005)},
	pages = {373--377},
	volume = {35},
	number = {3},
	doi = {10.1038/ijo.2010.145},
	note = {PMID: 20838400},
	langid = {eng}
}


@article{cheng_association_2012,
	title = {Association of the {ADRA1A} gene and the severity of metabolic abnormalities in patients with schizophrenia},
	volume = {36},
	issn = {1878-4216},
	doi = {10.1016/j.pnpbp.2011.10.011},
	language = {eng},
	number = {1},
	journal = {Progress in Neuro-Psychopharmacology \& Biological Psychiatry},
	author = {Cheng, Chin and Chiu, Hsien-Jane and Loh, El-Wui and Chan, Chin-Hong and Hwu, Tzong-Ming and Liu, Yun-Ru and Lan, Tsuo-Hung},
	month = jan,
	year = {2012},
	pmid = {22037178},
	keywords = {Adult, Arginine, Cysteine, Female, Gene Frequency, Genetic Association Studies, Humans, Male, Metabolic Syndrome, Middle Aged, Polymorphism, Single Nucleotide, Receptors, Adrenergic, alpha-1, Risk Factors, Schizophrenia, Severity of Illness Index},
	pages = {205--210},
}


@article{fernandezegea2009,
	title = {Metabolic profile of antipsychotic-naive individuals with non-affective psychosis},
	author = {Fernandez-Egea, Emilio and Bernardo, Miguel and Donner, Thomas and Conget, Ignacio and Parellada, Eduard and Justicia, Azucena and Esmatjes, Enric and Garcia-Rizo, Clemente and Kirkpatrick, Brian},
	year = {2009},
	month = {05},
	date = {2009-05},
	journal = {British Journal of Psychiatry},
	pages = {434--438},
	volume = {194},
	number = {5},
	doi = {10.1192/bjp.bp.108.052605},
	url = {https://www.cambridge.org/core/product/identifier/S0007125000249787/type/journal_article},
	langid = {en}
}


@article{chen_impaired_2016,
	title = {Impaired glucose tolerance in first-episode drug-naïve patients with schizophrenia: relationships with clinical phenotypes and cognitive deficits},
	volume = {46},
	issn = {0033-2917, 1469-8978},
	shorttitle = {Impaired glucose tolerance in first-episode drug-naïve patients with schizophrenia},
	url = {https://www.cambridge.org/core/product/identifier/S0033291716001902/type/journal_article},
	doi = {10.1017/S0033291716001902},
	language = {en},
	number = {15},
	urldate = {2022-07-08},
	journal = {Psychological Medicine},
	author = {Chen, D. C. and Du, X. D. and Yin, G. Z. and Yang, K. B. and Nie, Y. and Wang, N. and Li, Y. L. and Xiu, M. H. and He, S. C. and Yang, F. D. and Cho, R. Y. and Kosten, T. R. and Soares, J. C. and Zhao, J. P. and Zhang, X. Y.},
	month = nov,
	year = {2016},
	pages = {3219--3230},
}


@article{vancampfort2015,
	title = {Risk of metabolic syndrome and its components in people with schizophrenia and related psychotic disorders, bipolar disorder and major depressive disorder: a systematic review and meta-analysis},
	author = {Vancampfort, Davy and Stubbs, Brendon and Mitchell, Alex J. and De Hert, Marc and Wampers, Martien and Ward, Philip B. and Rosenbaum, Simon and Correll, Christoph U.},
	year = {2015},
	month = {10},
	date = {2015-10},
	journal = {World Psychiatry},
	pages = {339--347},
	volume = {14},
	number = {3},
	doi = {10.1002/wps.20252},
	url = {https://onlinelibrary.wiley.com/doi/10.1002/wps.20252},
	langid = {en}
}

@article{postolache2019,
	title = {Co-shared genetics and possible risk gene pathway partially explain the comorbidity of schizophrenia, major depressive disorder, type 2 diabetes, and metabolic syndrome},
	author = {Postolache, Teodor T. and Del Bosque-Plata, Laura and Jabbour, Serge and Vergare, Michael and Wu, Rongling and Gragnoli, Claudia},
	year = {2019},
	month = {04},
	date = {2019-04},
	journal = {American Journal of Medical Genetics. Part B, Neuropsychiatric Genetics: The Official Publication of the International Society of Psychiatric Genetics},
	pages = {186--203},
	volume = {180},
	number = {3},
	doi = {10.1002/ajmg.b.32712},
	note = {PMID: 30729689
PMCID: PMC6492942},
	langid = {eng}
}

@article{so2019,
	title = {Exploring shared genetic bases and causal relationships of schizophrenia and bipolar disorder with 28 cardiovascular and metabolic traits},
	author = {So, Hon-Cheong and Chau, Kwan-Long and Ao, Fu-Kiu and Mo, Cheuk-Hei and Sham, Pak-Chung},
	year = {2019},
	month = {06},
	date = {2019-06},
	journal = {Psychological Medicine},
	pages = {1286--1298},
	volume = {49},
	number = {8},
	doi = {10.1017/S0033291718001812},
	note = {PMID: 30045777},
	langid = {eng}
}

@article{szmulewicz2017,
	title = {Long-Term Antipsychotic Use and Major Cardiovascular Events: A Retrospective Cohort Study},
	author = {Szmulewicz, Alejandro G. and Angriman, Federico and Pedroso, Felipe E. and Vazquez, Carolina and Martino, Diego J.},
	year = {2017},
	month = {10},
	date = {2017-10-25},
	journal = {The Journal of Clinical Psychiatry},
	pages = {e905--e912},
	volume = {78},
	number = {8},
	doi = {10.4088/JCP.16m10976},
	url = {http://www.psychiatrist.com/JCP/article/Pages/2017/v78n08/16m10976.aspx}
}

@article{falissard2011,
	title = {The METEOR study: frequency of metabolic disorders in patients with schizophrenia. Focus on first and second generation and level of risk of antipsychotic drugs},
	author = {Falissard, Bruno and Mauri, Mauro and Shaw, Ken and Wetterling, Tilman and Doble, Adam and Giudicelli, {Agnès} and De Hert, Marc},
	year = {2011},
	month = {11},
	date = {2011-11},
	journal = {International Clinical Psychopharmacology},
	pages = {291--302},
	volume = {26},
	number = {6},
	doi = {10.1097/YIC.0b013e32834a5bf6},
	url = {http://journals.lww.com/00004850-201111000-00001},
	langid = {en}
}

@article{rummelkluge2010,
	title = {Head-to-head comparisons of metabolic side effects of second generation antipsychotics in the treatment of schizophrenia: a systematic review and meta-analysis},
	author = {Rummel-Kluge, Christine and Komossa, Katja and Schwarz, Sandra and Hunger, Heike and Schmid, Franziska and Lobos, Claudia Asenjo and Kissling, Werner and Davis, John M. and Leucht, Stefan},
	year = {2010},
	month = {11},
	date = {2010-11},
	journal = {Schizophrenia Research},
	pages = {225--233},
	volume = {123},
	number = {2-3},
	doi = {10.1016/j.schres.2010.07.012},
	note = {PMID: 20692814
PMCID: PMC2957510},
	langid = {eng}
}

@article{deng2013,
	title = {Effects of Antipsychotic Medications on Appetite, Weight, and Insulin Resistance},
	author = {Deng, Chao},
	year = {2013},
	month = {09},
	date = {2013-09},
	journal = {Endocrinology and Metabolism Clinics of North America},
	pages = {545--563},
	volume = {42},
	number = {3},
	doi = {10.1016/j.ecl.2013.05.006},
	url = {https://linkinghub.elsevier.com/retrieve/pii/S0889852913000418},
	langid = {en}
}

@article{vandenberghe2015,
	title = {Importance of early weight changes to predict long-term weight gain during psychotropic drug treatment},
	author = {Vandenberghe, Frederik and Gholam-Rezaee, Mehdi and {Saigí-Morgui}, {Núria} and {Delacrétaz}, {Aurélie} and Choong, Eva and Solida-Tozzi, Alessandra and Kolly, {Stéphane} and Thonney, Jacques and Gallo, Sylfa Fassassi and Hedjal, Ahmed and Ambresin, Anne-Emmanuelle and von Gunten, Armin and Conus, Philippe and Eap, Chin B.},
	year = {2015},
	month = {11},
	date = {2015-11},
	journal = {The Journal of Clinical Psychiatry},
	pages = {e1417--1423},
	volume = {76},
	number = {11},
	doi = {10.4088/JCP.14m09358},
	note = {PMID: 26646038},
	langid = {eng}
}

@article{morimoto1999,
	title = {Involvement of the histaminergic system in leptin-induced suppression of food intake},
	author = {Morimoto, T. and Yamamoto, Y. and Mobarakeh, J. I. and Yanai, K. and Watanabe, T. and Watanabe, T. and Yamatodani, A.},
	year = {1999},
	month = {11},
	date = {1999-11},
	journal = {Physiology & Behavior},
	pages = {679--683},
	volume = {67},
	number = {5},
	doi = {10.1016/s0031-9384(99)00123-7},
	note = {PMID: 10604837},
	langid = {eng}
}

@article{ishizuka2006,
	title = {A role of the histaminergic system for the control of feeding by orexigenic peptides},
	author = {Ishizuka, T and Nomura, S and Hosoda, H and Kangawa, K and Watanabe, T and Yamatodani, A},
	year = {2006},
	month = {10},
	date = {2006-10-30},
	journal = {Physiology & Behavior},
	pages = {295--300},
	volume = {89},
	number = {3},
	doi = {10.1016/j.physbeh.2006.05.049},
	url = {https://linkinghub.elsevier.com/retrieve/pii/S0031938406002812},
	langid = {en}
}

@article{han2008,
	title = {Short- and long-term effects of antipsychotic drug treatment on weight gain and H1 receptor expression},
	author = {Han, Mei and Deng, Chao and Burne, Thomas H.J. and Newell, Kelly A. and Huang, Xu-Feng},
	year = {2008},
	month = {06},
	date = {2008-06},
	journal = {Psychoneuroendocrinology},
	pages = {569--580},
	volume = {33},
	number = {5},
	doi = {10.1016/j.psyneuen.2008.01.018},
	url = {https://linkinghub.elsevier.com/retrieve/pii/S030645300800036X},
	langid = {en}
}

@article{lian2015,
	title = {Risperidone-induced weight gain and reduced locomotor activity in juvenile female rats: The role of histaminergic and NPY pathways},
	author = {Lian, Jiamei and De Santis, Michael and He, Meng and Deng, Chao},
	year = {2015},
	month = {05},
	date = {2015-05},
	journal = {Pharmacological Research},
	pages = {20--26},
	volume = {95-96},
	doi = {10.1016/j.phrs.2015.03.004},
	url = {https://linkinghub.elsevier.com/retrieve/pii/S1043661815000365},
	langid = {en}
}

@article{tagami2016,
	title = {The atypical antipsychotic, olanzapine, potentiates ghrelin-induced receptor signaling: An in vitro study with cells expressing cloned human growth hormone secretagogue receptor},
	author = {Tagami, Keita and Kashiwase, Yohei and Yokoyama, Akinobu and Nishimura, Hitomi and Miyano, Kanako and Suzuki, Masami and Shiraishi, Seiji and Matoba, Motohiro and Ohe, Yuichiro and Uezono, Yasuhito},
	year = {2016},
	month = {08},
	date = {2016-08},
	journal = {Neuropeptides},
	pages = {93--101},
	volume = {58},
	doi = {10.1016/j.npep.2015.12.010},
	url = {https://linkinghub.elsevier.com/retrieve/pii/S0143417915002309},
	langid = {en}
}

@article{freyberg2017,
	title = {Intrinsic and Antipsychotic Drug-Induced Metabolic Dysfunction in Schizophrenia},
	author = {Freyberg, Zachary and Aslanoglou, Despoina and Shah, Ripal and Ballon, Jacob S.},
	year = {2017},
	month = {07},
	date = {2017-07-28},
	journal = {Frontiers in Neuroscience},
	pages = {432},
	volume = {11},
	doi = {10.3389/fnins.2017.00432},
	url = {http://journal.frontiersin.org/article/10.3389/fnins.2017.00432/full}
}

@article{stunkard1955,
	title = {The night-eating syndrome; a pattern of food intake among certain obese patients},
	author = {Stunkard, A. J. and Grace, W. J. and Wolff, H. G.},
	year = {1955},
	month = {07},
	date = {1955-07},
	journal = {The American Journal of Medicine},
	pages = {78--86},
	volume = {19},
	number = {1},
	doi = {10.1016/0002-9343(55)90276-x},
	note = {PMID: 14388031},
	langid = {eng}
}

@article{debeaurepaire2021,
	title = {Binge Eating Disorders in Antipsychotic-Treated Patients With Schizophrenia: Prevalence, Antipsychotic Specificities, and Changes Over Time},
	author = {de Beaurepaire, Renaud},
	year = {2021},
	month = {04},
	date = {2021-04-01},
	journal = {Journal of Clinical Psychopharmacology},
	pages = {114--120},
	volume = {41},
	number = {2},
	doi = {10.1097/JCP.0000000000001357},
	note = {PMID: 33587392},
	langid = {eng}
}

@article{kouidrat2014,
	title = {Eating Disorders in Schizophrenia: Implications for Research and Management},
	author = {Kouidrat, Youssef and Amad, Ali and Lalau, Jean-Daniel and Loas, Gwenole},
	year = {2014},
	date = {2014},
	journal = {Schizophrenia Research and Treatment},
	pages = {1--7},
	volume = {2014},
	doi = {10.1155/2014/791573},
	url = {http://www.hindawi.com/journals/schizort/2014/791573/},
	langid = {en}
}

@article{alonsoalonso2015,
	title = {Food reward system: current perspectives and future research needs},
	author = {Alonso-Alonso, M. and Woods, S. C. and Pelchat, M. and Grigson, P. S. and Stice, E. and Farooqi, S. and Khoo, C. S. and Mattes, R. D. and Beauchamp, G. K.},
	year = {2015},
	month = {05},
	date = {2015-05-01},
	journal = {Nutrition Reviews},
	pages = {296--307},
	volume = {73},
	number = {5},
	doi = {10.1093/nutrit/nuv002},
	url = {https://academic.oup.com/nutritionreviews/article-lookup/doi/10.1093/nutrit/nuv002},
	langid = {en}
}

@article{theisen2003,
	title = {Spectrum of binge eating symptomatology in patients treated with clozapine and olanzapine},
	author = {Theisen, F. M. and Linden, A. and {König}, I. R. and Martin, M. and Remschmidt, H. and Hebebrand, J.},
	year = {2003},
	month = {01},
	date = {2003-01},
	journal = {Journal of Neural Transmission (Vienna, Austria: 1996)},
	pages = {111--121},
	volume = {110},
	number = {1},
	doi = {10.1007/s00702-002-0792-6},
	note = {PMID: 12541016},
	langid = {eng}
}

@article{kluge2007,
	title = {Clozapine and olanzapine are associated with food craving and binge eating: results from a randomized double-blind study},
	author = {Kluge, Michael and Schuld, Andreas and Himmerich, Hubertus and Dalal, Mira and Schacht, Alexander and Wehmeier, Peter M. and Hinze-Selch, Dunja and Kraus, Thomas and Dittmann, Ralf W. and {Pollmächer}, Thomas},
	year = {2007},
	month = {12},
	date = {2007-12},
	journal = {Journal of Clinical Psychopharmacology},
	pages = {662--666},
	volume = {27},
	number = {6},
	doi = {10.1097/jcp.0b013e31815a8872},
	note = {PMID: 18004133},
	langid = {eng}
}

@article{vanderzwaal2014,
	title = {Modelling olanzapine-induced weight gain in rats},
	author = {van der Zwaal, E. M. and Janhunen, S. K. and la Fleur, S. E. and Adan, R. A. H.},
	year = {2014},
	month = {01},
	date = {2014-01},
	journal = {The International Journal of Neuropsychopharmacology},
	pages = {169--186},
	volume = {17},
	number = {01},
	doi = {10.1017/S146114571300093X},
	url = {https://academic.oup.com/ijnp/article-lookup/doi/10.1017/S146114571300093X},
	langid = {en}
}

@article{westongreen2011,
	title = {Olanzapine treatment and metabolic dysfunction: a dose response study in female Sprague Dawley rats},
	author = {Weston-Green, Katrina and Huang, Xu-Feng and Deng, Chao},
	year = {2011},
	month = {03},
	date = {2011-03},
	journal = {Behavioural Brain Research},
	pages = {337--346},
	volume = {217},
	number = {2},
	doi = {10.1016/j.bbr.2010.10.039},
	url = {https://linkinghub.elsevier.com/retrieve/pii/S0166432810007242},
	langid = {en}
}

@article{dundee1954,
	title = {Chlorpromazine and the production of hypothermia},
	author = {Dundee, J. W. and Mesham, P. R. and Scott, W. E.},
	year = {1954},
	month = {10},
	date = {1954-10},
	journal = {Anaesthesia},
	pages = {296--302},
	volume = {9},
	number = {4},
	doi = {10.1111/j.1365-2044.1954.tb01927.x},
	note = {PMID: 13207699},
	langid = {eng}
}

@article{zonnenberg2017,
	title = {Hypothermia due to Antipsychotic Medication: A Systematic Review},
	author = {Zonnenberg, Cherryl and Bueno-de-Mesquita, Jolien M. and Ramlal, Dharmindredew and Blom, Jan Dirk},
	year = {2017},
	date = {2017},
	journal = {Frontiers in Psychiatry},
	pages = {165},
	volume = {8},
	doi = {10.3389/fpsyt.2017.00165},
	note = {PMID: 28936184
PMCID: PMC5594062},
	langid = {eng}
}

@article{vanderzwaal2012,
	title = {The acute effects of olanzapine on ghrelin secretion, CCK sensitivity, meal size, locomotor activity and body temperature},
	author = {van der Zwaal, E M and Merkestein, M and Lam, Y K and Brans, M A D and Luijendijk, M C M and Bok, L I H and Verheij, E R and la Fleur, S E and Adan, R A H},
	year = {2012},
	month = {02},
	date = {2012-02},
	journal = {International Journal of Obesity},
	pages = {254--261},
	volume = {36},
	number = {2},
	doi = {10.1038/ijo.2011.97},
	url = {http://www.nature.com/articles/ijo201197},
	langid = {en}
}

@article{gershon2013,
	title = {5-Hydroxytryptamine (serotonin) in the gastrointestinal tract},
	author = {Gershon, Michael D.},
	year = {2013},
	month = {02},
	date = {2013-02},
	journal = {Current Opinion in Endocrinology, Diabetes & Obesity},
	pages = {14--21},
	volume = {20},
	number = {1},
	doi = {10.1097/MED.0b013e32835bc703},
	url = {https://journals.lww.com/01266029-201302000-00004},
	langid = {en}
}

@article{garciabarrado2015,
	title = {Dopamine modulates insulin release and is involved in the survival of rat pancreatic beta cells},
	author = {Garcia Barrado, Maria Jose and Iglesias Osma, Maria Carmen and Blanco, Enrique J. and {Carretero Hernández}, Marta and {Sánchez Robledo}, Virginia and Catalano Iniesta, Leonardo and Carrero, Sixto and Carretero, Jose},
	year = {2015},
	date = {2015},
	journal = {PloS One},
	pages = {e0123197},
	volume = {10},
	number = {4},
	doi = {10.1371/journal.pone.0123197},
	note = {PMID: 25886074
PMCID: PMC4401745},
	langid = {eng}
}

@article{farino2020,
	title = {New roles for dopamine D2 and D3 receptors in pancreatic beta cell insulin secretion},
	author = {Farino, Zachary J. and Morgenstern, Travis J. and Maffei, Antonella and Quick, Matthias and De Solis, Alain J. and Wiriyasermkul, Pattama and Freyberg, Robin J. and Aslanoglou, Despoina and Sorisio, Denise and Inbar, Benjamin P. and Free, R. Benjamin and Donthamsetti, Prashant and Mosharov, Eugene V. and Kellendonk, Christoph and Schwartz, Gary J. and Sibley, David R. and Schmauss, Claudia and Zeltser, Lori M. and Moore, Holly and Harris, Paul E. and Javitch, Jonathan A. and Freyberg, Zachary},
	year = {2020},
	month = {09},
	date = {2020-09},
	journal = {Molecular Psychiatry},
	pages = {2070--2085},
	volume = {25},
	number = {9},
	doi = {10.1038/s41380-018-0344-6},
	url = {https://www.nature.com/articles/s41380-018-0344-6},
	langid = {en}
}

@article{shanik2008,
	title = {Insulin resistance and hyperinsulinemia: is hyperinsulinemia the cart or the horse?},
	author = {Shanik, Michael H. and Xu, Yuping and Skrha, Jan and Dankner, Rachel and Zick, Yehiel and Roth, Jesse},
	year = {2008},
	month = {02},
	date = {2008-02},
	journal = {Diabetes Care},
	pages = {S262--268},
	volume = {31 Suppl 2},
	doi = {10.2337/dc08-s264},
	note = {PMID: 18227495},
	langid = {eng}
}

@article{lett2012,
	title = {Pharmacogenetics of antipsychotic-induced weight gain: review and clinical implications},
	author = {Lett, T A P and Wallace, T J M and Chowdhury, N I and Tiwari, A K and Kennedy, J L and {Müller}, D J},
	year = {2012},
	month = {03},
	date = {2012-03},
	journal = {Molecular Psychiatry},
	pages = {242--266},
	volume = {17},
	number = {3},
	doi = {10.1038/mp.2011.109},
	url = {https://www.nature.com/articles/mp2011109},
	langid = {en}
}

@article{spertus2018,
	title = {Risk of weight gain for specific antipsychotic drugs: a meta-analysis},
	author = {Spertus, Jacob and Horvitz-Lennon, Marcela and Abing, Haley and Normand, Sharon-Lise},
	year = {2018},
	month = {12},
	date = {2018-12},
	journal = {npj Schizophrenia},
	pages = {12},
	volume = {4},
	number = {1},
	doi = {10.1038/s41537-018-0053-9},
	url = {http://www.nature.com/articles/s41537-018-0053-9},
	langid = {en}
}

@article{vanwinkel2008,
	title = {Major Changes in Glucose Metabolism, Including New-Onset Diabetes, Within 3 Months After Initiation of or Switch to Atypical Antipsychotic Medication in Patients With Schizophrenia and Schizoaffective Disorder},
	author = {van Winkel, Ruud and de Hert, Marc and Wampers, Martien and Van Eyck, Dominique and Hanssens, Linda and Scheen, Andre and Peuskens, Joseph},
	year = {2008},
	month = {03},
	date = {2008-03-15},
	journal = {The Journal of Clinical Psychiatry},
	pages = {472--479},
	volume = {69},
	number = {3},
	doi = {10.4088/JCP.v69n0320},
	url = {http://article.psychiatrist.com/?ContentType=START&ID=10003453}
}

@article{teff2013,
	title = {Antipsychotic-Induced Insulin Resistance and Postprandial Hormonal Dysregulation Independent of Weight Gain or Psychiatric Disease},
	author = {Teff, Karen L. and Rickels, Michael R. and Grudziak, Joanna and Fuller, Carissa and Nguyen, Huong-Lan and Rickels, Karl},
	year = {2013},
	month = {09},
	date = {2013-09-01},
	journal = {Diabetes},
	pages = {3232--3240},
	volume = {62},
	number = {9},
	doi = {10.2337/db13-0430},
	url = {https://diabetesjournals.org/diabetes/article/62/9/3232/33935/Antipsychotic-Induced-Insulin-Resistance-and},
	langid = {en}
}

@article{engl2005,
	title = {Olanzapine impairs glycogen synthesis and insulin signaling in L6 skeletal muscle cells},
	author = {Engl, J and Laimer, M and Niederwanger, A and Kranebitter, M and Starzinger, M and Pedrini, M T and Fleischhacker, W W and Patsch, J R and Ebenbichler, C F},
	year = {2005},
	month = {12},
	date = {2005-12-01},
	journal = {Molecular Psychiatry},
	pages = {1089--1096},
	volume = {10},
	number = {12},
	doi = {10.1038/sj.mp.4001729},
	url = {https://www.nature.com/articles/4001729},
	langid = {en}
}

@article{panariello2012,
	title = {Clozapine impairs insulin action by up{-}regulating AKT phosphorylation and Ped/Pea{-}15 protein abundance},
	author = {Panariello, Fabio and Perruolo, Giuseppe and Cassese, Angela and Giacco, Ferdinando and Botta, Ginevra and Barbagallo, Alessia P.M. and Muscettola, Giovanni and Beguinot, Francesco and Formisano, Pietro and de Bartolomeis, Andrea},
	year = {2012},
	month = {04},
	date = {2012-04},
	journal = {Journal of Cellular Physiology},
	pages = {1485--1492},
	volume = {227},
	number = {4},
	doi = {10.1002/jcp.22864},
	url = {https://onlinelibrary.wiley.com/doi/10.1002/jcp.22864},
	langid = {en}
}

@article{pereira2019,
	title = {Monitoring of Metabolic Adverse Effects Associated With Atypical Antipsychotics Use in an Outpatient Psychiatric Clinic},
	author = {Pereira, Luis and Budovich, Aliaksandr and Claudio-Saez, Maria},
	year = {2019},
	month = {08},
	date = {2019-08},
	journal = {Journal of Pharmacy Practice},
	pages = {388--393},
	volume = {32},
	number = {4},
	doi = {10.1177/0897190017752712},
	note = {PMID: 29334810},
	langid = {eng}
}

@article{niv2014,
	title = {Effectiveness of a psychosocial weight management program for individuals with schizophrenia},
	author = {Niv, Noosha and Cohen, Amy N. and Hamilton, Alison and Reist, Christopher and Young, Alexander S.},
	year = {2014},
	month = {07},
	date = {2014-07},
	journal = {The Journal of Behavioral Health Services & Research},
	pages = {370--380},
	volume = {41},
	number = {3},
	doi = {10.1007/s11414-012-9273-3},
	note = {PMID: 22430566
PMCID: PMC3809160},
	langid = {eng}
}

@article{speyer2019,
	title = {Lifestyle Interventions for Weight Management in People with Serious Mental Illness: A Systematic Review with Meta-Analysis, Trial Sequential Analysis, and Meta-Regression Analysis Exploring the Mediators and Moderators of Treatment Effects},
	author = {Speyer, Helene and Jakobsen, Ane Storch and Westergaard, Casper and {Nørgaard}, Hans Christian Brix and {Jørgensen}, Kirstine Bro and Pisinger, Charlotta and Krogh, Jesper and {Hjorthøj}, Carsten and Nordentoft, Merete and Gluud, Christian and Correll, Christoph U.},
	year = {2019},
	date = {2019},
	journal = {Psychotherapy and Psychosomatics},
	pages = {350--362},
	volume = {88},
	number = {6},
	doi = {10.1159/000502293},
	note = {PMID: 31522170},
	langid = {eng}
}

@article{carey2018,
	title = {Reducing weight gain in people with schizophrenia, schizoaffective disorder, and first episode psychosis: describing the process of developing the STructured lifestyle Education for People With SchizophrEnia (STEPWISE) intervention},
	author = {Carey, Marian E. and Barnett, Janette and Doherty, Yvonne and Barnard, Katherine and Daly, Heather and French, Paul and Gossage-Worrall, Rebecca and Hadjiconstantinou, Michelle and Hind, Daniel and Mitchell, Jonathan and Northern, Alison and Pendlebury, John and Rathod, Shanaya and Shiers, David and Taylor, Cheryl and Holt, Richard I. G. and STEPWISE Research Group, },
	year = {2018},
	date = {2018},
	journal = {Pilot and Feasibility Studies},
	pages = {186},
	volume = {4},
	doi = {10.1186/s40814-018-0378-1},
	note = {PMID: 30574354
PMCID: PMC6297970},
	langid = {eng}
}

@article{siskind2021,
	title = {Does Switching Antipsychotics Ameliorate Weight Gain in Patients With Severe Mental Illness? A Systematic Review and Meta-analysis},
	author = {Siskind, Dan and Gallagher, Erin and Winckel, Karl and Hollingworth, Samantha and Kisely, Steve and Firth, Joseph and Correll, Christoph U. and Marteene, Wade},
	year = {2021},
	month = {07},
	date = {2021-07-08},
	journal = {Schizophrenia Bulletin},
	pages = {948--958},
	volume = {47},
	number = {4},
	doi = {10.1093/schbul/sbaa191},
	note = {PMID: 33547471
PMCID: PMC8266669},
	langid = {eng}
}

@article{fleischhacker2010,
	title = {Effects of adjunctive treatment with aripiprazole on body weight and clinical efficacy in schizophrenia patients treated with clozapine: a randomized, double-blind, placebo-controlled trial},
	author = {Fleischhacker, W. Wolfgang and Heikkinen, Martti E. and {Olié}, Jean-Pierre and Landsberg, Wally and Dewaele, Patricia and McQuade, Robert D. and Loze, Jean-Yves and Hennicken, Delphine and Kerselaers, Wendy},
	year = {2010},
	month = {09},
	date = {2010-09},
	journal = {The International Journal of Neuropsychopharmacology},
	pages = {1115--1125},
	volume = {13},
	number = {8},
	doi = {10.1017/S1461145710000490},
	note = {PMID: 20459883},
	langid = {eng}
}

@article{henderson2009,
	title = {Aripiprazole added to overweight and obese olanzapine-treated schizophrenia patients},
	author = {Henderson, David C. and Fan, Xiaoduo and Copeland, Paul M. and Sharma, Bikash and Borba, Christina P. and Boxill, Ryan and Freudenreich, Oliver and Cather, Corinne and Evins, A. Eden and Goff, Donald C.},
	year = {2009},
	month = {04},
	date = {2009-04},
	journal = {Journal of Clinical Psychopharmacology},
	pages = {165--169},
	volume = {29},
	number = {2},
	doi = {10.1097/JCP.0b013e31819a8dbe},
	note = {PMID: 19512978
PMCID: PMC4311767},
	langid = {eng}
}

@article{deng2010,
	title = {What is the mechanism for aripiprazole's effect on reducing olanzapine-associated obesity?},
	author = {Deng, Chao and Chen, Jiezhong and Hu, Changhua and Huang, Xu-Feng},
	year = {2010},
	month = {08},
	date = {2010-08},
	journal = {Journal of Clinical Psychopharmacology},
	pages = {480--481},
	volume = {30},
	number = {4},
	doi = {10.1097/JCP.0b013e3181e74555},
	note = {PMID: 20631576},
	langid = {eng}
}

@article{jo2019,
	title = {Recurrent Psychosis after Phentermine Administration in a Young Female: A Case Report},
	author = {Jo, Hyun-Sic and Wang, Sheng-Min and Kim, Jung Jin},
	year = {2019},
	month = {02},
	date = {2019-02-28},
	journal = {Clinical Psychopharmacology and Neuroscience},
	pages = {130--133},
	volume = {17},
	number = {1},
	doi = {10.9758/cpn.2019.17.1.130},
	url = {http://www.cpn.or.kr/journal/view.html?doi=10.9758/cpn.2019.17.1.130},
	langid = {en}
}

@article{yun2013,
	title = {A Case of Phendimetrazine Induced-Psychotic Disorder and Dependence},
	author = {Yun, Ji-Ae and Park, Wu-Ri and Yu, Je-Chun and Choi, Kyeong-Sook},
	year = {2013},
	date = {2013},
	journal = {Journal of Korean Neuropsychiatric Association},
	pages = {402},
	volume = {52},
	number = {5},
	doi = {10.4306/jknpa.2013.52.5.402},
	url = {https://jknpa.org/DOIx.php?id=10.4306/jknpa.2013.52.5.402},
	langid = {ko}
}

@article{hendricks2014,
	title = {Addiction potential of phentermine prescribed during long-term treatment of obesity},
	author = {Hendricks, E. J. and Srisurapanont, M. and Schmidt, S. L. and Haggard, M. and Souter, S. and Mitchell, C. L. and De Marco, D. G. and Hendricks, M. J. and Istratiy, Y. and Greenway, F. L.},
	year = {2014},
	month = {02},
	date = {2014-02},
	journal = {International Journal of Obesity (2005)},
	pages = {292--298},
	volume = {38},
	number = {2},
	doi = {10.1038/ijo.2013.74},
	note = {PMID: 23736363},
	langid = {eng}
}

@article{manu2015,
	title = {Weight gain and obesity in schizophrenia: epidemiology, pathobiology, and management},
	author = {Manu, P. and Dima, L. and Shulman, M. and Vancampfort, D. and De Hert, M. and Correll, C. U.},
	year = {2015},
	month = {08},
	date = {2015-08},
	journal = {Acta Psychiatrica Scandinavica},
	pages = {97--108},
	volume = {132},
	number = {2},
	doi = {10.1111/acps.12445},
	note = {PMID: 26016380},
	langid = {eng}
}

@article{bustillo2003,
	title = {Treatment of Weight Gain with Fluoxetine in Olanzapine-Treated Schizophrenic Outpatients},
	author = {Bustillo, Juan R and Lauriello, John and Parker, Katherine and Hammond, Roger and Rowland, Laura and Bogenschutz, Michael and Keith, Samuel},
	year = {2003},
	month = {03},
	date = {2003-03},
	journal = {Neuropsychopharmacology},
	pages = {527--529},
	volume = {28},
	number = {3},
	doi = {10.1038/sj.npp.1300089},
	url = {http://www.nature.com/articles/1300089},
	langid = {en}
}

@article{narula2010,
	title = {Topiramate for prevention of olanzapine associated weight gain and metabolic dysfunction in schizophrenia: a double-blind, placebo-controlled trial},
	author = {Narula, Preeta Kaur and Rehan, H. S. and Unni, K. E. S. and Gupta, Neeraj},
	year = {2010},
	month = {05},
	date = {2010-05},
	journal = {Schizophrenia Research},
	pages = {218--223},
	volume = {118},
	number = {1-3},
	doi = {10.1016/j.schres.2010.02.001},
	note = {PMID: 20207521},
	langid = {eng}
}

@article{desilva2016,
	title = {Metformin in prevention and treatment of antipsychotic induced weight gain: a systematic review and meta-analysis},
	author = {de Silva, Varuni Asanka and Suraweera, Chathurie and Ratnatunga, Suhashini S. and Dayabandara, Madhubashinee and Wanniarachchi, Nimali and Hanwella, Raveen},
	year = {2016},
	month = {10},
	date = {2016-10-03},
	journal = {BMC psychiatry},
	pages = {341},
	volume = {16},
	number = {1},
	doi = {10.1186/s12888-016-1049-5},
	note = {PMID: 27716110
PMCID: PMC5048618},
	langid = {eng}
}

@article{jiang2020,
	title = {Adjunctive metformin for antipsychotic-induced dyslipidemia: a meta-analysis of randomized, double-blind, placebo-controlled trials},
	author = {Jiang, Wen-Long and Cai, Dong-Bin and Yin, Fei and Zhang, Ling and Zhao, Xi-Wu and He, Jie and Ng, Chee H. and Ungvari, Gabor S. and Sim, Kang and Hu, Mei-Ling and Zheng, Wei and Xiang, Yu-Tao},
	year = {2020},
	month = {12},
	date = {2020-12},
	journal = {Translational Psychiatry},
	pages = {117},
	volume = {10},
	number = {1},
	doi = {10.1038/s41398-020-0785-y},
	url = {https://www.nature.com/articles/s41398-020-0785-y},
	langid = {en}
}

@article{jastreboff2022,
	title = {Tirzepatide Once Weekly for the Treatment of Obesity},
	author = {Jastreboff, Ania M. and Aronne, Louis J. and Ahmad, Nadia N. and Wharton, Sean and Connery, Lisa and Alves, Breno and Kiyosue, Arihiro and Zhang, Shuyu and Liu, Bing and Bunck, Mathijs C. and Stefanski, Adam},
	year = {2022},
	month = {06},
	date = {2022-06-04},
	journal = {New England Journal of Medicine},
	pages = {NEJMoa2206038},
	doi = {10.1056/NEJMoa2206038},
	url = {http://www.nejm.org/doi/10.1056/NEJMoa2206038},
	langid = {en}
}

@article{mason2015,
	title = {Putting the brakes on the {"}drive to eat{"}: Pilot effects of naltrexone and reward-based eating on food cravings among obese women},
	author = {Mason, Ashley E. and Laraia, Barbara and Daubenmier, Jennifer and Hecht, Frederick M. and Lustig, Robert H. and Puterman, Eli and Adler, Nancy and Dallman, Mary and Kiernan, Michaela and Gearhardt, Ashley N. and Epel, Elissa S.},
	year = {2015},
	month = {12},
	date = {2015-12},
	journal = {Eating Behaviors},
	pages = {53--56},
	volume = {19},
	doi = {10.1016/j.eatbeh.2015.06.008},
	note = {PMID: 26164674
PMCID: PMC4644449},
	langid = {eng}
}

@article{greenway2010,
	title = {Effect of naltrexone plus bupropion on weight loss in overweight and obese adults (COR-I): a multicentre, randomised, double-blind, placebo-controlled, phase 3 trial},
	author = {Greenway, Frank L and Fujioka, Ken and Plodkowski, Raymond A and Mudaliar, Sunder and Guttadauria, Maria and Erickson, Janelle and Kim, Dennis D and Dunayevich, Eduardo},
	year = {2010},
	month = {08},
	date = {2010-08},
	journal = {The Lancet},
	pages = {595--605},
	volume = {376},
	number = {9741},
	doi = {10.1016/S0140-6736(10)60888-4},
	url = {https://linkinghub.elsevier.com/retrieve/pii/S0140673610608884},
	langid = {en}
}

@article{tek2014,
	title = {A randomized, double-blind, placebo-controlled pilot study of naltrexone to counteract antipsychotic-associated weight gain: proof of concept},
	author = {Tek, Cenk and Ratliff, Joseph and Reutenauer, Erin and Ganguli, Rohan and {O'Malley}, Stephanie S.},
	year = {2014},
	month = {10},
	date = {2014-10},
	journal = {Journal of Clinical Psychopharmacology},
	pages = {608--612},
	volume = {34},
	number = {5},
	doi = {10.1097/JCP.0000000000000192},
	note = {PMID: 25102328
PMCID: PMC4149840},
	langid = {eng}
}

@article{correll2020,
	title = {Effects of Olanzapine Combined With Samidorphan on Weight Gain in Schizophrenia: A 24-Week Phase 3 Study},
	author = {Correll, Christoph U. and Newcomer, John W. and Silverman, Bernard and DiPetrillo, Lauren and Graham, Christine and Jiang, Ying and Du, Yangchun and Simmons, Adam and Hopkinson, Craig and McDonnell, David and Kahn, {René S.}},
	year = {2020},
	month = {12},
	date = {2020-12-01},
	journal = {American Journal of Psychiatry},
	pages = {1168--1178},
	volume = {177},
	number = {12},
	doi = {10.1176/appi.ajp.2020.19121279},
	url = {http://ajp.psychiatryonline.org/doi/10.1176/appi.ajp.2020.19121279},
	langid = {en}
}

@article{siskind2019,
	title = {Glucagon-like peptide-1 receptor agonists for antipsychotic-associated cardio-metabolic risk factors: A systematic review and individual participant data meta-analysis},
	author = {Siskind, Dan and Hahn, Margaret and Correll, Christoph U. and Fink-Jensen, Anders and Russell, Anthony W. and Bak, Nikolaj and Broberg, Brian V. and Larsen, Julie and {Ishøy}, Pelle L. and {Vilsbøll}, Tina and Knop, Filip K. and Kisely, Steve and Ebdrup, {Bjørn H.}},
	year = {2019},
	month = {02},
	date = {2019-02},
	journal = {Diabetes, Obesity & Metabolism},
	pages = {293--302},
	volume = {21},
	number = {2},
	doi = {10.1111/dom.13522},
	note = {PMID: 30187620},
	langid = {eng}
}

@article{grundy2019,
	title = {2018 AHA/ACC/AACVPR/AAPA/ABC/ACPM/ADA/AGS/APhA/ASPC/NLA/PCNA Guideline on the Management of Blood Cholesterol: Executive Summary: A Report of the American College of Cardiology/American Heart Association Task Force on Clinical Practice Guidelines},
	author = {Grundy, Scott M. and Stone, Neil J. and Bailey, Alison L. and Beam, Craig and Birtcher, Kim K. and Blumenthal, Roger S. and Braun, Lynne T. and de Ferranti, Sarah and Faiella-Tommasino, Joseph and Forman, Daniel E. and Goldberg, Ronald and Heidenreich, Paul A. and Hlatky, Mark A. and Jones, Daniel W. and Lloyd-Jones, Donald and Lopez-Pajares, Nuria and Ndumele, Chiadi E. and Orringer, Carl E. and Peralta, Carmen A. and Saseen, Joseph J. and Smith, Sidney C. and Sperling, Laurence and Virani, Salim S. and Yeboah, Joseph},
	year = {2019},
	month = {06},
	date = {2019-06-25},
	journal = {Journal of the American College of Cardiology},
	pages = {3168--3209},
	volume = {73},
	number = {24},
	doi = {10.1016/j.jacc.2018.11.002},
	note = {PMID: 30423391},
	langid = {eng}
}

@article{müller2015,
	title = {The role of inflammation in schizophrenia},
	author = {{Müller}, Norbert and Weidinger, Elif and Leitner, Bianka and Schwarz, Markus J.},
	year = {2015},
	date = {2015},
	journal = {Frontiers in Neuroscience},
	pages = {372},
	volume = {9},
	doi = {10.3389/fnins.2015.00372},
	note = {PMID: 26539073
PMCID: PMC4612505},
	langid = {eng}
}

@article{nomura2018,
	title = {Statin add-on therapy in the antipsychotic treatment of schizophrenia: A meta-analysis},
	author = {Nomura, Ikuo and Kishi, Taro and Ikuta, Toshikazu and Iwata, Nakao},
	year = {2018},
	month = {02},
	date = {2018-02},
	journal = {Psychiatry Research},
	pages = {41--47},
	volume = {260},
	doi = {10.1016/j.psychres.2017.11.033},
	note = {PMID: 29172097},
	langid = {eng}
}

@article{cham2016,
	title = {Mood, Personality, and Behavior Changes During Treatment with Statins: A Case Series},
	author = {Cham, Stephanie and Koslik, Hayley J. and Golomb, Beatrice A.},
	year = {2016},
	month = {12},
	date = {2016-12},
	journal = {Drug Safety - Case Reports},
	pages = {1},
	volume = {3},
	number = {1},
	doi = {10.1007/s40800-015-0024-2},
	note = {PMID: 27747681
PMCID: PMC5005588},
	langid = {eng}
}

@article{molero2020,
	title = {Associations between statin use and suicidality, depression, anxiety, and seizures: a Swedish total-population cohort study},
	author = {Molero, Yasmina and Cipriani, Andrea and Larsson, Henrik and Lichtenstein, Paul and {D'Onofrio}, Brian M. and Fazel, Seena},
	year = {2020},
	month = {11},
	date = {2020-11},
	journal = {The Lancet. Psychiatry},
	pages = {982--990},
	volume = {7},
	number = {11},
	doi = {10.1016/S2215-0366(20)30311-4},
	note = {PMID: 33069320
PMCID: PMC7606915},
	langid = {eng}
}

@article{henderson2004,
	title = {Clozapine and hypertension: a chart review of 82 patients},
	author = {Henderson, David C. and Daley, Tara B. and Kunkel, Laura and Rodrigues-Scott, Myisha and Koul, Pamposh and Hayden, Doug},
	year = {2004},
	month = {05},
	date = {2004-05},
	journal = {The Journal of Clinical Psychiatry},
	pages = {686--689},
	volume = {65},
	number = {5},
	doi = {10.4088/jcp.v65n0514},
	note = {PMID: 15163256},
	langid = {eng}
}

@article{woo2009,
	title = {Blood pressure changes during clozapine or olanzapine treatment in Korean schizophrenic patients},
	author = {Woo, Young Sup and Kim, Won and Chae, Jeong-Ho and Yoon, Bo-Hyun and Bahk, Won-Myong},
	year = {2009},
	date = {2009},
	journal = {The World Journal of Biological Psychiatry: The Official Journal of the World Federation of Societies of Biological Psychiatry},
	pages = {420--425},
	volume = {10},
	number = {4 Pt 2},
	doi = {10.1080/15622970801910399},
	note = {PMID: 18609444},
	langid = {eng}
}

@article{alves2019,
	title = {Use of atypical antipsychotics and risk of hypertension: A case report and review literature},
	author = {Alves, Beatriz Beretta and Oliveira, Giovana de Padua and Moreira Neto, Milton Gabriel and Fiorilli, Roberta Bonamim and {Cestário}, {Elizabeth do Espírito Santo}},
	year = {2019},
	date = {2019},
	journal = {SAGE open medical case reports},
	pages = {2050313X19841825},
	volume = {7},
	doi = {10.1177/2050313X19841825},
	note = {PMID: 31007920
PMCID: PMC6457028},
	langid = {eng}
}

@article{gonsai2018,
	title = {Effects of dopamine receptor antagonist antipsychotic therapy on blood pressure},
	author = {Gonsai, N. H. and Amin, V. H. and Mendpara, C. G. and Speth, R. and Hale, G. M.},
	year = {2018},
	month = {02},
	date = {2018-02},
	journal = {Journal of Clinical Pharmacy and Therapeutics},
	pages = {1--7},
	volume = {43},
	number = {1},
	doi = {10.1111/jcpt.12649},
	url = {https://onlinelibrary.wiley.com/doi/10.1111/jcpt.12649},
	langid = {en}
}

@article{seven2017,
	title = {Aripiprazole-induced Asymptomatic Hypertension: A Case Report},
	author = {Seven, Hilal and Ayhan, {Medine Giyna{\c{s}}} and {Kürkcü}, {Ay{\c{s}}e} and {Özbek}, {Süleyman} and Eren, {{\.{I}}brahim}},
	year = {2017},
	month = {05},
	date = {2017-05-15},
	journal = {Psychopharmacology Bulletin},
	pages = {53--56},
	volume = {47},
	number = {2},
	note = {PMID: 28626272
PMCID: PMC5472172},
	langid = {eng}
}
