
@article{emsley1999,
	title = {Partial response to antipsychotic treatment: the patient with enduring symptoms},
	author = {Emsley, R. A.},
	year = {1999},
	date = {1999},
	journal = {The Journal of Clinical Psychiatry},
	pages = {10--13},
	volume = {60 Suppl 23},
	note = {PMID: 10625194},
	langid = {eng}
}

@article{howes2017,
	title = {Treatment-Resistant Schizophrenia: Treatment Response and Resistance in Psychosis (TRRIP) Working Group Consensus Guidelines on Diagnosis and Terminology},
	author = {Howes, Oliver D. and McCutcheon, Rob and Agid, Ofer and de Bartolomeis, Andrea and van Beveren, Nico J.M. and Birnbaum, Michael L. and Bloomfield, Michael A.P. and Bressan, Rodrigo A. and Buchanan, Robert W. and Carpenter, William T. and Castle, David J. and Citrome, Leslie and Daskalakis, Zafiris J. and Davidson, Michael and Drake, Richard J. and Dursun, Serdar and Ebdrup, {Bjørn H.} and Elkis, Helio and Falkai, Peter and Fleischacker, W. Wolfgang and Gadelha, Ary and Gaughran, Fiona and {Glenthøj}, Birte Y. and Graff-Guerrero, Ariel and Hallak, Jaime E.C. and Honer, William G. and Kennedy, James and Kinon, Bruce J. and Lawrie, Stephen M. and Lee, Jimmy and Leweke, F. Markus and MacCabe, James H. and McNabb, Carolyn B. and Meltzer, Herbert and {Möller}, {Hans-Jürgen} and Nakajima, Shinchiro and Pantelis, Christos and Reis Marques, Tiago and Remington, Gary and Rossell, Susan L. and Russell, Bruce R. and Siu, Cynthia O. and Suzuki, Takefumi and Sommer, Iris E. and Taylor, David and Thomas, Neil and {Üçok}, Alp and Umbricht, Daniel and Walters, James T.R. and Kane, John and Correll, Christoph U.},
	year = {2017},
	month = {03},
	date = {2017-03},
	journal = {American Journal of Psychiatry},
	pages = {216{\textendash}229},
	volume = {174},
	number = {3},
	doi = {10.1176/appi.ajp.2016.16050503},
	url = {http://dx.doi.org/10.1176/appi.ajp.2016.16050503}
}

@article{rutherford2014,
	title = {Placebo Response in Antipsychotic Clinical Trials},
	author = {Rutherford, Bret R. and Pott, Emily and Tandler, Jane M. and Wall, Melanie M. and Roose, Steven P. and Lieberman, Jeffrey A.},
	year = {2014},
	month = {12},
	date = {2014-12-01},
	journal = {JAMA Psychiatry},
	pages = {1409},
	volume = {71},
	number = {12},
	doi = {10.1001/jamapsychiatry.2014.1319},
	url = {http://dx.doi.org/10.1001/jamapsychiatry.2014.1319}
}

@article{agid2003,
	title = {Delayed-Onset Hypothesis of Antipsychotic Action},
	author = {Agid, Ofer and Kapur, Shitij and Arenovich, Tamara and Zipursky, Robert B.},
	year = {2003},
	month = {12},
	date = {2003-12-01},
	journal = {Archives of General Psychiatry},
	pages = {1228},
	volume = {60},
	number = {12},
	doi = {10.1001/archpsyc.60.12.1228},
	url = {http://dx.doi.org/10.1001/archpsyc.60.12.1228}
}

@article{aschersvanum2008,
	title = {Clinical, Functional, and Economic Ramifications of Early Nonresponse to Antipsychotics in the Naturalistic Treatment of Schizophrenia},
	author = {Ascher-Svanum, H. and Nyhuis, A. W. and Faries, D. E. and Kinon, B. J. and Baker, R. W. and Shekhar, A.},
	year = {2008},
	month = {08},
	date = {2008-08-20},
	journal = {Schizophrenia Bulletin},
	pages = {1163{\textendash}1171},
	volume = {34},
	number = {6},
	doi = {10.1093/schbul/sbm134},
	url = {http://dx.doi.org/10.1093/schbul/sbm134}
}

@article{kinon2008,
	title = {Predicting response to atypical antipsychotics based on early response in the treatment of schizophrenia☆},
	author = {KINON, B and CHEN, L and ASCHERSVANUM, H and STAUFFER, V and KOLLACKWALKER, S and SNIADECKI, J and KANE, J},
	year = {2008},
	month = {07},
	date = {2008-07},
	journal = {Schizophrenia Research},
	pages = {230{\textendash}240},
	volume = {102},
	number = {1-3},
	doi = {10.1016/j.schres.2008.02.021},
	url = {http://dx.doi.org/10.1016/j.schres.2008.02.021}
}

@article{samara2015,
	title = {Early Improvement As a Predictor of Later Response to Antipsychotics in Schizophrenia: A Diagnostic Test Review},
	author = {Samara, Myrto T. and Leucht, Claudia and Leeflang, Mariska M. and Anghelescu, Ion-George and Chung, Young-Chul and Crespo-Facorro, Benedicto and Elkis, Helio and Hatta, Kotaro and Giegling, Ina and Kane, John M. and Kayo, Monica and Lambert, Martin and Lin, Ching-Hua and {Möller}, {Hans-Jürgen} and {Pelayo-Terán}, {José María} and Riedel, Michael and Rujescu, Dan and Schimmelmann, Benno G. and Serretti, Alessandro and Correll, Christoph U. and Leucht, Stefan},
	year = {2015},
	month = {07},
	date = {2015-07},
	journal = {American Journal of Psychiatry},
	pages = {617{\textendash}629},
	volume = {172},
	number = {7},
	doi = {10.1176/appi.ajp.2015.14101329},
	url = {http://dx.doi.org/10.1176/appi.ajp.2015.14101329}
}

@article{hatta2011,
	title = {Difference in early prediction of antipsychotic non-response between risperidone and olanzapine in the treatment of acute-phase schizophrenia},
	author = {Hatta, Kotaro and Otachi, Taro and Sudo, Yasuhiko and Hayakawa, Tatsuro and Ashizawa, Yuko and Takebayashi, Hiroshi and Hayashi, Naoki and Hamakawa, Hiroshi and Ito, Shin and Nakase, Reiko and Usui, Chie and Nakamura, Hiroyuki and Hirata, Toyoaki and Sawa, Yutaka},
	year = {2011},
	month = {05},
	date = {2011-05},
	journal = {Schizophrenia Research},
	pages = {127{\textendash}135},
	volume = {128},
	number = {1-3},
	doi = {10.1016/j.schres.2011.02.011},
	url = {http://dx.doi.org/10.1016/j.schres.2011.02.011}
}

@article{park2014,
	title = {The advantage of using 3-week data to predict response to aripiprazole at week 6 in first-episode psychosis},
	author = {Park, Jong-Il and Cho, Dong-Hwan and Hahn, Sang Woo and Jeong, Bumseok and Kim, Jong-Hoon and Kim, Sung-Wan and Koo, Min-Seong and Lee, Seung Hwan and Lee, Seung Jae and Lee, Yo Han and Park, Jong-Ik and Rho, Seung Ho and Chung, Young-Chul},
	year = {2014},
	month = {03},
	date = {2014-03},
	journal = {International Clinical Psychopharmacology},
	pages = {77{\textendash}85},
	volume = {29},
	number = {2},
	doi = {10.1097/yic.0000000000000005},
	url = {http://dx.doi.org/10.1097/YIC.0000000000000005}
}

@article{emsley2006,
	title = {Time Course for Antipsychotic Treatment Response in First-Episode Schizophrenia},
	author = {Emsley, Robin and Rabinowitz, Jonathan and Medori, Rossella},
	year = {2006},
	month = {04},
	date = {2006-04},
	journal = {American Journal of Psychiatry},
	pages = {743{\textendash}745},
	volume = {163},
	number = {4},
	doi = {10.1176/ajp.2006.163.4.743},
	url = {http://dx.doi.org/10.1176/ajp.2006.163.4.743}
}

@article{andreasen2005,
	title = {Remission in Schizophrenia: Proposed Criteria and Rationale for Consensus},
	author = {Andreasen, Nancy C. and Carpenter, William T. and Kane, John M. and Lasser, Robert A. and Marder, Stephen R. and Weinberger, Daniel R.},
	year = {2005},
	month = {03},
	date = {2005-03},
	journal = {American Journal of Psychiatry},
	pages = {441{\textendash}449},
	volume = {162},
	number = {3},
	doi = {10.1176/appi.ajp.162.3.441},
	url = {http://dx.doi.org/10.1176/appi.ajp.162.3.441}
}

@article{leucht2009,
	title = {Definitions of response and remission in schizophrenia: recommendations for their use and their presentation},
	author = {Leucht, S. and Davis, J. M. and Engel, R. R. and Kissling, W. and Kane, J. M.},
	year = {2009},
	month = {02},
	date = {2009-02},
	journal = {Acta Psychiatrica Scandinavica},
	pages = {7{\textendash}14},
	volume = {119},
	doi = {10.1111/j.1600-0447.2008.01308.x},
	url = {http://dx.doi.org/10.1111/j.1600-0447.2008.01308.x}
}

@article{kinon2004,
	title = {Dose Response and Atypical Antipsychotics in Schizophrenia},
	author = {Kinon, Bruce J and Ahl, Jonna and Stauffer, Virginia L and Hill, Angela L and Buckley, Peter F},
	year = {2004},
	date = {2004},
	journal = {CNS Drugs},
	pages = {597{\textendash}616},
	volume = {18},
	number = {9},
	doi = {10.2165/00023210-200418090-00005},
	url = {http://dx.doi.org/10.2165/00023210-200418090-00005}
}

@article{citrome2009,
	title = {Olanzapine dosing above the licensed range is more efficacious than lower doses: fact or fiction?},
	author = {Citrome, Leslie and Kantrowitz, Joshua T},
	year = {2009},
	month = {07},
	date = {2009-07},
	journal = {Expert Review of Neurotherapeutics},
	pages = {1045{\textendash}1058},
	volume = {9},
	number = {7},
	doi = {10.1586/ern.09.54},
	url = {http://dx.doi.org/10.1586/ern.09.54}
}

@article{bitter2004,
	title = {Olanzapine versus clozapine in treatment-resistant or treatment-intolerant schizophrenia},
	author = {Bitter, Istvan and Dossenbach, Martin R.K and Brook, Shlomo and Feldman, Peter D and Metcalfe, Stephen and Gagiano, Carlo A and {Füredi}, {János} and Bartko, {György} and Janka, Zoltan and Banki, Csaba M and Kovacs, Gabor and Breier, Alan},
	year = {2004},
	month = {01},
	date = {2004-01},
	journal = {Progress in Neuro-Psychopharmacology and Biological Psychiatry},
	pages = {173{\textendash}180},
	volume = {28},
	number = {1},
	doi = {10.1016/j.pnpbp.2003.09.033},
	url = {http://dx.doi.org/10.1016/j.pnpbp.2003.09.033}
}

@article{meltzer2008,
	title = {A Randomized, Double-Blind Comparison of Clozapine and High-Dose Olanzapine in Treatment-Resistant Patients With Schizophrenia},
	author = {Meltzer, Herbert Y. and Bobo, William V. and Roy, Ajanta and Jayathilake, Karu and Aygun, Chen and Elif, Ertugrul A. and Yagcioglu, Anil and Small, Joyce G.},
	year = {2008},
	month = {02},
	date = {2008-02-15},
	journal = {The Journal of Clinical Psychiatry},
	pages = {274{\textendash}285},
	volume = {69},
	number = {2},
	doi = {10.4088/jcp.v69n0214},
	url = {http://dx.doi.org/10.4088/jcp.v69n0214}
}

@article{batail2014,
	title = {Use of very-high-dose olanzapine in treatment-resistant schizophrenia},
	author = {Batail, J.-M. and {Langrée}, B. and Robert, G. and Bleher, S. and Verdier, M.-C. and Bellissant, E. and Millet, B. and Drapier, D.},
	year = {2014},
	month = {11},
	date = {2014-11},
	journal = {Schizophrenia Research},
	pages = {411{\textendash}414},
	volume = {159},
	number = {2-3},
	doi = {10.1016/j.schres.2014.09.020},
	url = {http://dx.doi.org/10.1016/j.schres.2014.09.020}
}

@article{lindenmayer2011,
	title = {A Randomized, Double-Blind, Parallel-Group, Fixed-Dose, Clinical Trial of Quetiapine at 600 Versus 1200 mg/d for Patients With Treatment-Resistant Schizophrenia or Schizoaffective Disorder},
	author = {Lindenmayer, Jean-Pierre and Citrome, Leslie and Khan, Anzalee and Kaushik, Sashank and Kaushik, Saurabh},
	year = {2011},
	month = {04},
	date = {2011-04},
	journal = {Journal of Clinical Psychopharmacology},
	pages = {160{\textendash}168},
	volume = {31},
	number = {2},
	doi = {10.1097/jcp.0b013e31820f4fe0},
	url = {http://dx.doi.org/10.1097/JCP.0b013e31820f4fe0}
}

@article{honer2011,
	title = {A Randomized, Double-Blind, Placebo-Controlled Study of the Safety and Tolerability of High-Dose Quetiapine in Patients With Persistent Symptoms of Schizophrenia or Schizoaffective Disorder},
	author = {Honer, William G. and MacEwan, G. William and Gendron, Alain and Stip, Emmanuel and Labelle, Alain and Williams, Richard and Eriksson, Hans},
	year = {2011},
	month = {06},
	date = {2011-06-14},
	journal = {The Journal of Clinical Psychiatry},
	pages = {13{\textendash}20},
	volume = {73},
	number = {01},
	doi = {10.4088/jcp.10m06194},
	url = {http://dx.doi.org/10.4088/JCP.10m06194}
}

@article{goff2013,
	title = {High-Dose Oral Ziprasidone Versus Conventional Dosing in Schizophrenia Patients With Residual Symptoms},
	author = {Goff, Donald C. and McEvoy, Joseph P. and Citrome, Leslie and Mech, Arnold W. and Bustillo, Juan R. and Gil, Roberto and Buckley, Peter and Manschreck, Theo C. and Achtyes, Eric D. and Macklin, Eric A.},
	year = {2013},
	month = {08},
	date = {2013-08},
	journal = {Journal of Clinical Psychopharmacology},
	pages = {485{\textendash}490},
	volume = {33},
	number = {4},
	doi = {10.1097/jcp.0b013e3182977308},
	url = {http://dx.doi.org/10.1097/JCP.0b013e3182977308}
}

@article{dold2015,
	title = {Dose escalation of antipsychotic drugs in schizophrenia: A meta-analysis of randomized controlled trials},
	author = {Dold, Markus and Fugger, Gernot and Aigner, Martin and Lanzenberger, Rupert and Kasper, Siegfried},
	year = {2015},
	month = {08},
	date = {2015-08},
	journal = {Schizophrenia Research},
	pages = {187{\textendash}193},
	volume = {166},
	number = {1-3},
	doi = {10.1016/j.schres.2015.04.024},
	url = {http://dx.doi.org/10.1016/j.schres.2015.04.024}
}

@article{seeman2011,
	title = {All Roads to Schizophrenia Lead to Dopamine Supersensitivity and Elevated Dopamine D2High Receptors},
	author = {Seeman, Philip},
	year = {2011},
	month = {03},
	date = {2011-03-15},
	journal = {CNS Neuroscience & Therapeutics},
	pages = {118{\textendash}132},
	volume = {17},
	number = {2},
	doi = {10.1111/j.1755-5949.2010.00162.x},
	url = {http://dx.doi.org/10.1111/j.1755-5949.2010.00162.x}
}

@article{loebel2016,
	title = {Lurasidone Dose Escalation in Early Nonresponding Patients With Schizophrenia},
	author = {Loebel, Antony and Silva, Robert and Goldman, Robert and Watabe, Kei and Cucchiaro, Josephine and Citrome, Leslie and Kane, John M.},
	year = {2016},
	month = {07},
	date = {2016-07-19},
	journal = {The Journal of Clinical Psychiatry},
	pages = {1672{\textendash}1680},
	volume = {77},
	number = {12},
	doi = {10.4088/jcp.16m10698},
	url = {http://dx.doi.org/10.4088/JCP.16m10698}
}

@article{hatta2018,
	title = {Switching and augmentation strategies for antipsychotic medications in acute-phase schizophrenia: latest evidence and place in therapy},
	author = {Hatta, Kotaro and Sugiyama, Naoya and Ito, Hiroto},
	year = {2018},
	month = {01},
	date = {2018-01-29},
	journal = {Therapeutic Advances in Psychopharmacology},
	pages = {173{\textendash}183},
	volume = {8},
	number = {6},
	doi = {10.1177/2045125318754472},
	url = {http://dx.doi.org/10.1177/2045125318754472}
}

@article{pae2013,
	title = {Clinical Issues in Use of Atypical Antipsychotics for Depressed Patients},
	author = {Pae, Chi-Un and Patkar, Ashwin A.},
	year = {2013},
	month = {05},
	date = {2013-05},
	journal = {CNS Drugs},
	pages = {39--45},
	volume = {27},
	number = {S1},
	doi = {10.1007/s40263-012-0032-z},
	url = {http://link.springer.com/10.1007/s40263-012-0032-z},
	langid = {en}
}

@article{remington2013,
	title = {Clozapine{\textquoteright}s Role in the Treatment of First-Episode Schizophrenia},
	author = {Remington, Gary and Agid, Ofer and Foussias, George and Hahn, Margaret and Rao, Naren and Sinyor, Mark},
	year = {2013},
	month = {02},
	date = {2013-02},
	journal = {American Journal of Psychiatry},
	pages = {146{\textendash}151},
	volume = {170},
	number = {2},
	doi = {10.1176/appi.ajp.2012.12060778},
	url = {http://dx.doi.org/10.1176/appi.ajp.2012.12060778}
}

@article{agid2011,
	title = {An Algorithm-Based Approach to First-Episode Schizophrenia},
	author = {Agid, Ofer and Arenovich, Tamara and Sajeev, Gautam and Zipursky, Robert B. and Kapur, Shitij and Foussias, George and Remington, Gary},
	year = {2011},
	month = {03},
	date = {2011-03-08},
	journal = {The Journal of Clinical Psychiatry},
	pages = {1439{\textendash}1444},
	volume = {72},
	number = {11},
	doi = {10.4088/jcp.09m05785yel},
	url = {http://dx.doi.org/10.4088/JCP.09m05785yel}
}

@article{stroup2019,
	title = {Comparative Effectiveness of Adjunctive Psychotropic Medications in Patients With Schizophrenia},
	author = {Stroup, T. Scott and Gerhard, Tobias and Crystal, Stephen and Huang, Cecilia and Tan, Zhiqiang and Wall, Melanie M. and Mathai, Chacku and Olfson, Mark},
	year = {2019},
	month = {05},
	date = {2019-05-01},
	journal = {JAMA Psychiatry},
	pages = {508},
	volume = {76},
	number = {5},
	doi = {10.1001/jamapsychiatry.2018.4489},
	url = {http://dx.doi.org/10.1001/jamapsychiatry.2018.4489}
}

@article{vanrooijen2017,
	title = {A symptom network structure of the psychosis spectrum},
	author = {van Rooijen, Geeske and Isvoranu, Adela-Maria and Meijer, Carin J. and van Borkulo, Claudia D. and {Ruhé}, Henricus G. and de Haan, Lieuwe},
	year = {2017},
	month = {11},
	date = {2017-11},
	journal = {Schizophrenia Research},
	pages = {75{\textendash}83},
	volume = {189},
	doi = {10.1016/j.schres.2017.02.018},
	url = {http://dx.doi.org/10.1016/j.schres.2017.02.018}
}

@article{strömgren1992,
	title = {The concept of schizophrenia: The conflict between nosological and symptomatological aspects},
	author = {{Strömgren}, Erik},
	year = {1992},
	month = {10},
	date = {1992-10},
	journal = {Journal of Psychiatric Research},
	pages = {237{\textendash}246},
	volume = {26},
	number = {4},
	doi = {10.1016/0022-3956(92)90030-r},
	url = {http://dx.doi.org/10.1016/0022-3956(92)90030-r}
}

@article{preskorn2007,
	title = {Polypharmacy: When Is It Rational?},
	author = {PRESKORN, SHELDON H. and LACEY, RONALD L.},
	year = {2007},
	month = {03},
	date = {2007-03},
	journal = {Journal of Psychiatric Practice},
	pages = {97{\textendash}105},
	volume = {13},
	number = {2},
	doi = {10.1097/01.pra.0000265766.25495.3b},
	url = {http://dx.doi.org/10.1097/01.pra.0000265766.25495.3b}
}

@article{wolkowitz1991,
	title = {Benzodiazepines in the treatment of schizophrenia: a review and reappraisal},
	author = {Wolkowitz, O. M. and Pickar, D.},
	year = {1991},
	month = {06},
	date = {1991-06},
	journal = {The American Journal of Psychiatry},
	pages = {714--726},
	volume = {148},
	number = {6},
	doi = {10.1176/ajp.148.6.714},
	note = {PMID: 1674645},
	langid = {eng}
}

@article{dold2013,
	title = {Benzodiazepine augmentation of antipsychotic drugs in schizophrenia: A meta-analysis and cochrane review of randomized controlled trials},
	author = {Dold, Markus and Li, Chunbo and Gillies, Donna and Leucht, Stefan},
	year = {2013},
	month = {09},
	date = {2013-09},
	journal = {European Neuropsychopharmacology},
	pages = {1023{\textendash}1033},
	volume = {23},
	number = {9},
	doi = {10.1016/j.euroneuro.2013.03.001},
	url = {http://dx.doi.org/10.1016/j.euroneuro.2013.03.001}
}

@article{tiihonen2016,
	title = {Mortality and Cumulative Exposure to Antipsychotics, Antidepressants, and Benzodiazepines in Patients With Schizophrenia: An Observational Follow-Up Study},
	author = {Tiihonen, Jari and Mittendorfer-Rutz, Ellenor and Torniainen, Minna and Alexanderson, Kristina and Tanskanen, Antti},
	year = {2016},
	month = {06},
	date = {2016-06},
	journal = {American Journal of Psychiatry},
	pages = {600{\textendash}606},
	volume = {173},
	number = {6},
	doi = {10.1176/appi.ajp.2015.15050618},
	url = {http://dx.doi.org/10.1176/appi.ajp.2015.15050618}
}

@article{centorrino1994,
	title = {Serum concentrations of clozapine and its major metabolites: effects of cotreatment with fluoxetine or valproate},
	author = {Centorrino, F. and Baldessarini, R. J. and Kando, J. and Frankenburg, F. R. and Volpicelli, S. A. and Puopolo, P. R. and Flood, J. G.},
	year = {1994},
	month = {01},
	date = {1994-01},
	journal = {The American Journal of Psychiatry},
	pages = {123--125},
	volume = {151},
	number = {1},
	doi = {10.1176/ajp.151.1.123},
	note = {PMID: 8267110},
	langid = {eng}
}

@article{guidotti2014,
	title = {DNA methylation and demethylation as targets for antipsychotic therapy},
	author = {Guidotti, Alessandro and Grayson, Dennis R.},
	year = {2014},
	month = {09},
	date = {2014-09-30},
	journal = {Dialogues in Clinical Neuroscience},
	pages = {419{\textendash}429},
	volume = {16},
	number = {3},
	doi = {10.31887/dcns.2014.16.3/aguidotti},
	url = {http://dx.doi.org/10.31887/DCNS.2014.16.3/aguidotti}
}

@article{tseng2016,
	title = {Significant Effect of Valproate Augmentation Therapy in Patients With Schizophrenia},
	author = {Tseng, Ping-Tao and Chen, Yen-Wen and Chung, Weilun and Tu, Kun-Yu and Wang, Hung-Yu and Wu, Ching-Kuan and Lin, Pao-Yen},
	year = {2016},
	month = {01},
	date = {2016-01},
	journal = {Medicine},
	pages = {e2475},
	volume = {95},
	number = {4},
	doi = {10.1097/md.0000000000002475},
	url = {http://dx.doi.org/10.1097/MD.0000000000002475}
}

@article{leucht2014,
	title = {Carbamazepine for schizophrenia},
	author = {Leucht, Stefan and Helfer, Bartosz and Dold, Markus and Kissling, Werner and McGrath, John},
	year = {2014},
	month = {05},
	date = {2014-05-02},
	journal = {Cochrane Database of Systematic Reviews},
	doi = {10.1002/14651858.cd001258.pub3},
	url = {http://dx.doi.org/10.1002/14651858.CD001258.pub3}
}

@article{chakos2006,
	title = {Special Section on CATIE Baseline Data: Baseline Use of Concomitant Psychotropic Medications to Treat Schizophrenia in the CATIE Trial},
	author = {Chakos, Miranda H. and Glick, Ira D. and Miller, Alexander L. and Hamner, Mark B. and Miller, Del D. and Patel, Jayendra K. and Tapp, Andre and Keefe, Richard S. E. and Rosenheck, Robert A.},
	year = {2006},
	month = {08},
	date = {2006-08},
	journal = {Psychiatric Services},
	pages = {1094{\textendash}1101},
	volume = {57},
	number = {8},
	doi = {10.1176/ps.2006.57.8.1094},
	url = {http://dx.doi.org/10.1176/ps.2006.57.8.1094}
}

@article{himelhoch2012,
	title = {Antidepressant prescribing patterns among VA patients with schizophrenia},
	author = {Himelhoch, Seth and Slade, Eric and Kreyenbuhl, Julie and Medoff, Deborah and Brown, Clayton and Dixon, Lisa},
	year = {2012},
	month = {04},
	date = {2012-04},
	journal = {Schizophrenia Research},
	pages = {32{\textendash}35},
	volume = {136},
	number = {1-3},
	doi = {10.1016/j.schres.2012.01.008},
	url = {http://dx.doi.org/10.1016/j.schres.2012.01.008}
}

@article{mao2015,
	title = {Augmentation with antidepressants in schizophrenia treatment: benefit or risk},
	author = {Mao, Ye-Meng and Zhang, Ming-Dao},
	year = {2015},
	month = {03},
	date = {2015-03},
	journal = {Neuropsychiatric Disease and Treatment},
	pages = {701},
	doi = {10.2147/ndt.s62266},
	url = {http://dx.doi.org/10.2147/NDT.S62266}
}

@article{siris2000,
	title = {Depression in Schizophrenia: Perspective in the Era of {\textquotedblleft}Atypical{\textquotedblright} Antipsychotic Agents},
	author = {Siris, Samuel G.},
	year = {2000},
	month = {09},
	date = {2000-09},
	journal = {American Journal of Psychiatry},
	pages = {1379{\textendash}1389},
	volume = {157},
	number = {9},
	doi = {10.1176/appi.ajp.157.9.1379},
	url = {http://dx.doi.org/10.1176/appi.ajp.157.9.1379}
}

@article{terevnikov2015,
	title = {Randomized Controlled Trials of Add-On Antidepressants in Schizophrenia},
	author = {Terevnikov, Viacheslav and Joffe, Grigori and Stenberg, Jan-Henry},
	year = {2015},
	month = {05},
	date = {2015-05-19},
	journal = {International Journal of Neuropsychopharmacology},
	pages = {pyv049},
	volume = {18},
	number = {9},
	doi = {10.1093/ijnp/pyv049},
	url = {http://dx.doi.org/10.1093/ijnp/pyv049}
}

@article{helfer2016,
	title = {Efficacy and Safety of Antidepressants Added to Antipsychotics for Schizophrenia: A Systematic Review and Meta-Analysis},
	author = {Helfer, Bartosz and Samara, Myrto T. and Huhn, Maximilian and Klupp, Elisabeth and Leucht, Claudia and Zhu, Yikang and Engel, Rolf R. and Leucht, Stefan},
	year = {2016},
	month = {09},
	date = {2016-09-01},
	journal = {The American Journal of Psychiatry},
	pages = {876--886},
	volume = {173},
	number = {9},
	doi = {10.1176/appi.ajp.2016.15081035},
	note = {PMID: 27282362},
	langid = {eng}
}

@article{kasckow2001,
	title = {Citalopram augmentation of antipsychotic treatment in older schizophrenia patients},
	author = {Kasckow, John W. and Mohamed, Somaia and Thallasinos, Arthur and Carroll, Brendan and Zisook, Sidney and Jeste, Dilip V.},
	year = {2001},
	date = {2001},
	journal = {International Journal of Geriatric Psychiatry},
	pages = {1163{\textendash}1167},
	volume = {16},
	number = {12},
	doi = {10.1002/gps.508},
	url = {http://dx.doi.org/10.1002/gps.508}
}

@article{kasckow2010,
	title = {Treatment of subsyndromal depressive symptoms in middle-aged and older adults with schizophrenia: effect on functioning},
	author = {Kasckow, John and Lanouette, Nicole and Patterson, Thomas and Fellows, Ian and Golshan, Shahrokh and Solorzano, Ellen and Zisook, Sidney},
	year = {2010},
	month = {02},
	date = {2010-02},
	journal = {International Journal of Geriatric Psychiatry},
	pages = {183{\textendash}190},
	volume = {25},
	number = {2},
	doi = {10.1002/gps.2318},
	url = {http://dx.doi.org/10.1002/gps.2318}
}

@article{mulholland2003,
	title = {A double-blind, placebo-controlled trial of sertraline for depressive symptoms in patients with stable, chronic schizophrenia},
	author = {Mulholland, Ciaran and Lynch, Gerard and King, David J. and Cooper, Stephen J.},
	year = {2003},
	month = {01},
	date = {2003-01},
	journal = {Journal of Psychopharmacology},
	pages = {107{\textendash}112},
	volume = {17},
	number = {1},
	doi = {10.1177/0269881103017001713},
	url = {http://dx.doi.org/10.1177/0269881103017001713}
}

@article{holcomb2007,
	title = {How schizophrenia and depression disrupt reward circuitry},
	author = {Holcomb, Henry H. and Rowland, Laura M.},
	year = {2007},
	month = {09},
	date = {2007-09},
	journal = {Current Treatment Options in Neurology},
	pages = {357{\textendash}362},
	volume = {9},
	number = {5},
	doi = {10.1007/bf02938542},
	url = {http://dx.doi.org/10.1007/BF02938542}
}

@article{addington1990,
	title = {A depression rating scale for schizophrenics},
	author = {Addington, Donald and Addington, Jean and Schissel, Bernard},
	year = {1990},
	month = {07},
	date = {1990-07},
	journal = {Schizophrenia Research},
	pages = {247{\textendash}251},
	volume = {3},
	number = {4},
	doi = {10.1016/0920-9964(90)90005-r},
	url = {http://dx.doi.org/10.1016/0920-9964(90)90005-r}
}

@article{chertkow2009,
	title = {Molecular mechanisms underlying synergistic effects of SSRI-antipsychotic augmentation in treatment of negative symptoms in schizophrenia},
	author = {Chertkow, Yael and Weinreb, Orly and Youdim, Moussa B. H. and Silver, Henry},
	year = {2009},
	month = {11},
	date = {2009-11},
	journal = {Journal of Neural Transmission (Vienna, Austria: 1996)},
	pages = {1529--1541},
	volume = {116},
	number = {11},
	doi = {10.1007/s00702-009-0255-4},
	note = {PMID: 19578925},
	langid = {eng}
}

@article{silver2013,
	title = {The role of GABA-A receptor in the synergism between SSRI and antipsychotic in schizophrenia; implications for antipsychotic modes of actions},
	author = {Silver, Henry and Einoch, Reef and Youdim, Moussa and Weinreb, Orly},
	year = {2013},
	date = {2013},
	journal = {Current Medicinal Chemistry},
	pages = {363--370},
	volume = {20},
	number = {3},
	note = {PMID: 23157628},
	langid = {eng}
}

@article{sepehry2007,
	title = {Selective serotonin reuptake inhibitor (SSRI) add-on therapy for the negative symptoms of schizophrenia: a meta-analysis},
	author = {Sepehry, Amir Ali and Potvin, {Stéphane} and Elie, Robert and Stip, Emmanuel},
	year = {2007},
	month = {04},
	date = {2007-04},
	journal = {The Journal of Clinical Psychiatry},
	pages = {604--610},
	volume = {68},
	number = {4},
	doi = {10.4088/jcp.v68n0417},
	note = {PMID: 17474817},
	langid = {eng}
}

@article{singh2010,
	title = {Efficacy of antidepressants in treating the negative symptoms of chronic schizophrenia: meta-analysis},
	author = {Singh, Surendra P. and Singh, Vidhi and Kar, Nilamadhab and Chan, Kelvin},
	year = {2010},
	month = {09},
	date = {2010-09},
	journal = {The British Journal of Psychiatry: The Journal of Mental Science},
	pages = {174--179},
	volume = {197},
	number = {3},
	doi = {10.1192/bjp.bp.109.067710},
	note = {PMID: 20807960},
	langid = {eng}
}

@article{berk2001,
	title = {Efficacy of mirtazapine add on therapy to haloperidol in the treatment of the negative symptoms of schizophrenia: a double-blind randomized placebo-controlled study:},
	author = {Berk, M. and Ichim, C. and Brook, S.},
	year = {2001},
	month = {03},
	date = {2001-03},
	journal = {International Clinical Psychopharmacology},
	pages = {87--92},
	volume = {16},
	number = {2},
	doi = {10.1097/00004850-200103000-00003},
	url = {http://journals.lww.com/00004850-200103000-00003},
	langid = {en}
}

@article{praharaj2015,
	title = {Mirtazapine for antipsychotic-induced acute akathisia: a systematic review and meta-analysis of randomized placebo-controlled trials},
	author = {Praharaj, Samir Kumar and Kongasseri, Sreejayan and Behere, Rishikesh V. and Sharma, Podila Satya Venkata Narasimha},
	year = {2015},
	month = {10},
	date = {2015-10},
	journal = {Therapeutic Advances in Psychopharmacology},
	pages = {307--313},
	volume = {5},
	number = {5},
	doi = {10.1177/2045125315601343},
	note = {PMID: 26557987
PMCID: PMC4622124},
	langid = {eng}
}

@article{kishi2014,
	title = {Meta-analysis of noradrenergic and specific serotonergic antidepressant use in schizophrenia},
	author = {Kishi, Taro and Iwata, Nakao},
	year = {2014},
	month = {02},
	date = {2014-02},
	journal = {The International Journal of Neuropsychopharmacology},
	pages = {343--354},
	volume = {17},
	number = {2},
	doi = {10.1017/S1461145713000667},
	note = {PMID: 23823741},
	langid = {eng}
}

@article{poyurovsky2003,
	title = {Comparison of clinical characteristics and comorbidity in schizophrenia patients with and without obsessive-compulsive disorder: schizophrenic and OC symptoms in schizophrenia},
	author = {Poyurovsky, Michael and Kriss, Victoria and Weisman, Gregory and Faragian, Sarit and Kurs, Rena and Schneidman, Michael and Fuchs, Camil and Weizman, Abraham and Weizman, Ronit},
	year = {2003},
	month = {11},
	date = {2003-11},
	journal = {The Journal of Clinical Psychiatry},
	pages = {1300--1307},
	volume = {64},
	number = {11},
	doi = {10.4088/jcp.v64n1104},
	note = {PMID: 14658943},
	langid = {eng}
}

@article{swets2014,
	title = {The obsessive compulsive spectrum in schizophrenia, a meta-analysis and meta-regression exploring prevalence rates},
	author = {Swets, Marije and Dekker, Jack and van Emmerik-van Oortmerssen, Katelijne and Smid, Geert E. and Smit, Filip and de Haan, Lieuwe and Schoevers, Robert A.},
	year = {2014},
	month = {02},
	date = {2014-02},
	journal = {Schizophrenia Research},
	pages = {458--468},
	volume = {152},
	number = {2-3},
	doi = {10.1016/j.schres.2013.10.033},
	note = {PMID: 24361303},
	langid = {eng}
}

@article{dehaan1999,
	title = {Clozapine and obsessions in patients with recent-onset schizophrenia and other psychotic disorders},
	author = {de Haan, L. and Linszen, D. H. and Gorsira, R.},
	year = {1999},
	month = {06},
	date = {1999-06},
	journal = {The Journal of Clinical Psychiatry},
	pages = {364--365},
	volume = {60},
	number = {6},
	doi = {10.4088/jcp.v60n0603},
	note = {PMID: 10401913},
	langid = {eng}
}

@article{scheltemabeduin2012,
	title = {Obsessive-compulsive symptoms in patients with schizophrenia: a naturalistic cross-sectional study comparing treatment with clozapine, olanzapine, risperidone, and no antipsychotics in 543 patients},
	author = {Scheltema Beduin, Albertine A. and Swets, Marije and Machielsen, Marise and Korver, Nikie and Genetic Risk and Outcome of Psychosis Investigators, },
	year = {2012},
	month = {11},
	date = {2012-11},
	journal = {The Journal of Clinical Psychiatry},
	pages = {1395--1402},
	volume = {73},
	number = {11},
	doi = {10.4088/JCP.11m07164},
	note = {PMID: 23218156},
	langid = {eng}
}

@article{schirmbeck2012,
	title = {Clozapine-induced obsessive-compulsive symptoms in schizophrenia: a critical review},
	author = {Schirmbeck, Frederike and Zink, Mathias},
	year = {2012},
	month = {03},
	date = {2012-03},
	journal = {Current Neuropharmacology},
	pages = {88--95},
	volume = {10},
	number = {1},
	doi = {10.2174/157015912799362724},
	note = {PMID: 22942882
PMCID: PMC3286851},
	langid = {eng}
}

@article{stryjer2013,
	title = {Escitalopram in the treatment of patients with schizophrenia and obsessive-compulsive disorder:  an open-label, prospective study},
	author = {Stryjer, Rafael and Dambinsky, Yael and Timinsky, Igor and Green, Tamar and Kotler, Moshe and Weizman, Abraham and Spivak, Baruch},
	year = {2013},
	month = {03},
	date = {2013-03},
	journal = {International Clinical Psychopharmacology},
	pages = {96--98},
	volume = {28},
	number = {2},
	doi = {10.1097/YIC.0b013e32835bd24e},
	note = {PMID: 23211492},
	langid = {eng}
}

@article{leucht2011,
	title = {Oral versus depot antipsychotic drugs for schizophrenia--a critical systematic review and meta-analysis of randomised long-term trials},
	author = {Leucht, Claudia and Heres, Stephan and Kane, John M. and Kissling, Werner and Davis, John M. and Leucht, Stefan},
	year = {2011},
	month = {04},
	date = {2011-04},
	journal = {Schizophrenia Research},
	pages = {83--92},
	volume = {127},
	number = {1-3},
	doi = {10.1016/j.schres.2010.11.020},
	note = {PMID: 21257294},
	langid = {eng}
}

@article{lieberman2005,
	title = {Effectiveness of antipsychotic drugs in patients with chronic schizophrenia},
	author = {Lieberman, Jeffrey A. and Stroup, T. Scott and McEvoy, Joseph P. and Swartz, Marvin S. and Rosenheck, Robert A. and Perkins, Diana O. and Keefe, Richard S. E. and Davis, Sonia M. and Davis, Clarence E. and Lebowitz, Barry D. and Severe, Joanne and Hsiao, John K. and {Clinical Antipsychotic Trials of Intervention Effectiveness (CATIE) Investigators}, },
	year = {2005},
	month = {09},
	date = {2005-09-22},
	journal = {The New England Journal of Medicine},
	pages = {1209--1223},
	volume = {353},
	number = {12},
	doi = {10.1056/NEJMoa051688},
	note = {PMID: 16172203},
	langid = {eng}
}

@article{lehman2004,
	title = {Practice guideline for the treatment of patients with schizophrenia, second edition},
	author = {Lehman, Anthony F. and Lieberman, Jeffrey A. and Dixon, Lisa B. and McGlashan, Thomas H. and Miller, Alexander L. and Perkins, Diana O. and Kreyenbuhl, Julie and American Psychiatric Association,  and Steering Committee on Practice Guidelines, },
	year = {2004},
	month = {02},
	date = {2004-02},
	journal = {The American Journal of Psychiatry},
	pages = {1--56},
	volume = {161},
	number = {2 Suppl},
	note = {PMID: 15000267},
	langid = {eng}
}

@article{falkai2006,
	title = {World Federation of Societies of Biological Psychiatry (WFSBP) guidelines for biological treatment of schizophrenia, part 2: long-term treatment of schizophrenia},
	author = {Falkai, Peter and Wobrock, Thomas and Lieberman, Jeffrey and Glenthoj, Birte and Gattaz, Wagner F. and {Möller}, {Hans-Jürgen} and WFSBP Task Force on Treatment Guidelines for Schizophrenia, },
	year = {2006},
	date = {2006},
	journal = {The World Journal of Biological Psychiatry: The Official Journal of the World Federation of Societies of Biological Psychiatry},
	pages = {5--40},
	volume = {7},
	number = {1},
	doi = {10.1080/15622970500483177},
	note = {PMID: 16509050},
	langid = {eng}
}

@article{dehert2015,
	title = {The Use of Continuous Treatment Versus Placebo or Intermittent Treatment Strategies in Stabilized Patients with Schizophrenia: A Systematic Review and Meta-Analysis of Randomized Controlled Trials with First- and Second-Generation Antipsychotics},
	author = {De Hert, Marc and Sermon, Jan and Geerts, Paul and Vansteelandt, Kristof and Peuskens, Joseph and Detraux, Johan},
	year = {2015},
	month = {08},
	date = {2015-08},
	journal = {CNS drugs},
	pages = {637--658},
	volume = {29},
	number = {8},
	doi = {10.1007/s40263-015-0269-4},
	note = {PMID: 26293744},
	langid = {eng}
}

@article{servonnet2021,
	title = {Continuous versus extended antipsychotic dosing in schizophrenia: Less is more},
	author = {Servonnet, Alice and Uchida, Hiroyuki and Samaha, {Anne-Noël}},
	year = {2021},
	month = {03},
	date = {2021-03-05},
	journal = {Behavioural Brain Research},
	pages = {113076},
	volume = {401},
	doi = {10.1016/j.bbr.2020.113076},
	note = {PMID: 33345826},
	langid = {eng}
}

@article{eissler1951,
	title = {Remarks on the psychoanalysis of schizophrenia},
	author = {Eissler, K. R.},
	year = {1951},
	date = {1951},
	journal = {The International Journal of Psycho-Analysis},
	pages = {139--156; passim},
	volume = {32},
	number = {3},
	doi = {10.1037/10768-007},
	note = {PMID: 14840932},
	langid = {eng}
}

@article{sachar1970,
	title = {Psychoendocrinology of ego disintegration},
	author = {Sachar, E. J. and Kanter, S. S. and Buie, D. and Engle, R. and Mehlman, R.},
	year = {1970},
	month = {02},
	date = {1970-02},
	journal = {The American Journal of Psychiatry},
	pages = {1067--1078},
	volume = {126},
	number = {8},
	doi = {10.1176/ajp.126.8.1067},
	note = {PMID: 5411360},
	langid = {eng}
}

@article{roth1970,
	title = {The seemingly ubiquitous depression following acute schizophrenic episodes, a neglected area of clinical discussion},
	author = {Roth, S.},
	year = {1970},
	month = {07},
	date = {1970-07},
	journal = {The American Journal of Psychiatry},
	pages = {51--58},
	volume = {127},
	number = {1},
	doi = {10.1176/ajp.127.1.51},
	note = {PMID: 5426245},
	langid = {eng}
}

@article{kayton1973,
	title = {Good Outcome in Young Adult Schizophrenia},
	author = {Kayton, Lawrence},
	year = {1973},
	month = {07},
	date = {1973-07-01},
	journal = {Archives of General Psychiatry},
	pages = {103},
	volume = {29},
	number = {1},
	doi = {10.1001/archpsyc.1973.04200010072013},
	url = {http://archpsyc.jamanetwork.com/article.aspx?doi=10.1001/archpsyc.1973.04200010072013},
	langid = {en}
}

@article{mcglashan1976,
	title = {Postpsychotic depression in schizophrenia},
	author = {McGlashan, T. H. and Carpenter, W. T.},
	year = {1976},
	month = {02},
	date = {1976-02},
	journal = {Archives of General Psychiatry},
	pages = {231--239},
	volume = {33},
	number = {2},
	doi = {10.1001/archpsyc.1976.01770020065011},
	note = {PMID: 766720},
	langid = {eng}
}

@article{kudo2002,
	title = {Loneliness as expressed by schizophrenic patients in the early remission phase},
	author = {Kudo, Junichiro and Mori, Hayato and Gomibuchi, Takashi},
	year = {2002},
	month = {11},
	date = {2002-11},
	journal = {Nagoya Journal of Medical Science},
	pages = {115--126},
	volume = {65},
	number = {3-4},
	note = {PMID: 12580538},
	langid = {eng}
}

@article{harrison2001,
	title = {Recovery from psychotic illness: a 15- and 25-year international follow-up study},
	author = {Harrison, G. and Hopper, K. and Craig, T. and Laska, E. and Siegel, C. and Wanderling, J. and Dube, K. C. and Ganev, K. and Giel, R. and an der Heiden, W. and Holmberg, S. K. and Janca, A. and Lee, P. W. and {León}, C. A. and Malhotra, S. and Marsella, A. J. and Nakane, Y. and Sartorius, N. and Shen, Y. and Skoda, C. and Thara, R. and Tsirkin, S. J. and Varma, V. K. and Walsh, D. and Wiersma, D.},
	year = {2001},
	month = {06},
	date = {2001-06},
	journal = {The British Journal of Psychiatry: The Journal of Mental Science},
	pages = {506--517},
	volume = {178},
	doi = {10.1192/bjp.178.6.506},
	note = {PMID: 11388966},
	langid = {eng}
}

@article{sandhu2013,
	title = {The subjective experience and phenomenology of depression following first episode psychosis: A qualitative study using photo-elicitation},
	author = {Sandhu, Amrita and Ives, Jonathan and Birchwood, Max and Upthegrove, Rachel},
	year = {2013},
	month = {07},
	date = {2013-07},
	journal = {Journal of Affective Disorders},
	pages = {166--174},
	volume = {149},
	number = {1-3},
	doi = {10.1016/j.jad.2013.01.018},
	url = {https://linkinghub.elsevier.com/retrieve/pii/S0165032713000736},
	langid = {en}
}

@article{anticevic2015,
	title = {Emotional and cognitive dysregulation in schizophrenia and depression: understanding common and distinct behavioral and neural mechanisms},
	author = {Anticevic, Alan and Schleifer, Charlie and Youngsun, T. Cho},
	year = {2015},
	month = {12},
	date = {2015-12},
	journal = {Dialogues in Clinical Neuroscience},
	pages = {421--434},
	volume = {17},
	number = {4},
	note = {PMID: 26869843
PMCID: PMC4734880},
	langid = {eng}
}

@article{henry2007,
	title = {Emotion dysregulation in schizophrenia: reduced amplification of emotional expression is associated with emotional blunting},
	author = {Henry, Julie D. and Green, Melissa J. and de Lucia, Amber and Restuccia, Corinne and McDonald, Skye and {O'Donnell}, Maryanne},
	year = {2007},
	month = {09},
	date = {2007-09},
	journal = {Schizophrenia Research},
	pages = {197--204},
	volume = {95},
	number = {1-3},
	doi = {10.1016/j.schres.2007.06.002},
	note = {PMID: 17630254},
	langid = {eng}
}

@article{guerrerojiménez2022,
	title = {Post-Psychotic Depression: An Updated Review of the Term and Clinical Implications},
	author = {{Guerrero-Jiménez}, Margarita and Carrillo de Albornoz Calahorro, Carmen Maura and Girela-Serrano, Braulio and {Bodoano Sánchez}, Isabel and {Gutiérrez-Rojas}, Luis},
	year = {2022},
	date = {2022},
	journal = {Psychopathology},
	pages = {82--92},
	volume = {55},
	number = {2},
	doi = {10.1159/000520985},
	note = {PMID: 35220306},
	langid = {eng}
}

@article{pompili2007,
	title = {Suicide risk in schizophrenia: learning from the past to change the future},
	author = {Pompili, Maurizio and Amador, Xavier F. and Girardi, Paolo and Harkavy-Friedman, Jill and Harrow, Martin and Kaplan, Kalman and Krausz, Michael and Lester, David and Meltzer, Herbert Y. and Modestin, Jiri and Montross, Lori P. and Mortensen, Preben Bo and {Munk-Jørgensen}, Povl and Nielsen, Jimmi and Nordentoft, Merete and Saarinen, Pirjo Irmeli and Zisook, Sidney and Wilson, Scott T. and Tatarelli, Roberto},
	year = {2007},
	month = {03},
	date = {2007-03-16},
	journal = {Annals of General Psychiatry},
	pages = {10},
	volume = {6},
	doi = {10.1186/1744-859X-6-10},
	note = {PMID: 17367524
PMCID: PMC1845151},
	langid = {eng}
}

@article{sensky2000,
	title = {A randomized controlled trial of cognitive-behavioral therapy for persistent symptoms in schizophrenia resistant to medication},
	author = {Sensky, T. and Turkington, D. and Kingdon, D. and Scott, J. L. and Scott, J. and Siddle, R. and {O'Carroll}, M. and Barnes, T. R.},
	year = {2000},
	month = {02},
	date = {2000-02},
	journal = {Archives of General Psychiatry},
	pages = {165--172},
	volume = {57},
	number = {2},
	doi = {10.1001/archpsyc.57.2.165},
	note = {PMID: 10665619},
	langid = {eng}
}

@article{potkin2020,
	title = {The neurobiology of treatment-resistant schizophrenia: paths to antipsychotic resistance and a roadmap for future research},
	author = {Potkin, Steven G. and Kane, John M. and Correll, Christoph U. and Lindenmayer, Jean-Pierre and Agid, Ofer and Marder, Stephen R. and Olfson, Mark and Howes, Oliver D.},
	year = {2020},
	month = {01},
	date = {2020-01-07},
	journal = {NPJ schizophrenia},
	pages = {1},
	volume = {6},
	number = {1},
	doi = {10.1038/s41537-019-0090-z},
	note = {PMID: 31911624
PMCID: PMC6946650},
	langid = {eng}
}

@article{tungaraza2017,
	title = {Prescribing pattern of clozapine and other antipsychotics for patients with first-episode psychosis: a cross-sectional survey of early intervention teams},
	author = {Tungaraza, Tongeji E. and Ahmed, Wakil and Chira, Chinonyelum and Turner, Erin and Mayaki, Susan and Nandhra, Harpal Singh and Edwards, Tom and Farooq, Saeed},
	year = {2017},
	month = {03},
	date = {2017-03},
	journal = {Therapeutic Advances in Psychopharmacology},
	pages = {103--111},
	volume = {7},
	number = {3},
	doi = {10.1177/2045125316683151},
	url = {http://journals.sagepub.com/doi/10.1177/2045125316683151},
	langid = {en}
}

@book{ghaemi2018,
	title = {Hippocratic Psychopharmacology: A Non-DSM Approach to Practice},
	author = {Ghaemi, S. Nassir},
	year = {2018},
	date = {2018},
	publisher = {Oxford University Press},
	url = {https://oxfordmedicine.com/view/10.1093/med/9780199995486.001.0001/med-9780199995486-chapter-16},
	note = {Pages: 209-216
Publication Title: Clinical Psychopharmacology
Section: Clinical Psychopharmacology},
	langid = {en{\_}US}
}

@article{bymaster2002,
	title = {Fluoxetine, but not other selective serotonin uptake inhibitors, increases norepinephrine and dopamine extracellular levels in prefrontal cortex},
	author = {Bymaster, Frank P. and Zhang, Wei and Carter, Petra A. and Shaw, Janice and Chernet, Eyassu and Phebus, Lee and Wong, David T. and Perry, Kenneth W.},
	year = {2002},
	month = {04},
	date = {2002-04},
	journal = {Psychopharmacology},
	pages = {353--361},
	volume = {160},
	number = {4},
	doi = {10.1007/s00213-001-0986-x},
	note = {PMID: 11919662},
	langid = {eng}
}

@article{kitaichi2010,
	title = {Sertraline increases extracellular levels not only of serotonin, but also of dopamine in the nucleus accumbens and striatum of rats},
	author = {Kitaichi, Yuji and Inoue, Takeshi and Nakagawa, Shin and Boku, Shuken and Kakuta, Aya and Izumi, Takeshi and Koyama, Tsukasa},
	year = {2010},
	month = {11},
	date = {2010-11-25},
	journal = {European Journal of Pharmacology},
	pages = {90--96},
	volume = {647},
	number = {1-3},
	doi = {10.1016/j.ejphar.2010.08.026},
	note = {PMID: 20816814},
	langid = {eng}
}

@article{zullino1998,
	title = {The serotonin paradox: Negative symptoms and SSRI augmentation},
	author = {Zullino, Daniele and Bondolfi, Guido and Baumann, Pierre},
	year = {1998},
	month = {01},
	date = {1998-01},
	journal = {International Journal of Psychiatry in Clinical Practice},
	pages = {19--26},
	volume = {2},
	number = {1},
	doi = {10.3109/13651509809115109},
	url = {http://www.tandfonline.com/doi/full/10.3109/13651509809115109},
	langid = {en}
}

@article{vidal2015,
	title = {Meta-Analysis of Efficacy of Mirtazapine as an Adjunctive Treatment of Negative Symptoms in Schizophrenia},
	author = {Vidal, Carol and Reese, Carla and Fischer, Bernard A. and Chiapelli, Joshua and Himelhoch, Seth},
	year = {2015},
	date = {2015},
	journal = {Clinical Schizophrenia & Related Psychoses},
	pages = {88--95},
	volume = {9},
	number = {2},
	doi = {10.3371/CSRP.VIRE.030813},
	note = {PMID: 23491969},
	langid = {eng}
}

@article{reznik2000,
	title = {An open study of fluvoxamine augmentation of neuroleptics in schizophrenia with obsessive and compulsive symptoms},
	author = {Reznik, I. and Sirota, P.},
	year = {2000},
	month = {06},
	date = {2000-06},
	journal = {Clinical Neuropharmacology},
	pages = {157--160},
	volume = {23},
	number = {3},
	doi = {10.1097/00002826-200005000-00005},
	note = {PMID: 10895399},
	langid = {eng}
}

@article{zohar1993,
	title = {Clomipramine treatment of obsessive compulsive symptomatology in schizophrenic patients},
	author = {Zohar, J. and Kaplan, Z. and Benjamin, J.},
	year = {1993},
	month = {10},
	date = {1993-10},
	journal = {The Journal of Clinical Psychiatry},
	pages = {385--388},
	volume = {54},
	number = {10},
	note = {PMID: 7903293},
	langid = {eng}
}

@article{bark1992,
	title = {Ineffectiveness of clomipramine for obsessive-compulsive symptoms in a patient with schizophrenia},
	author = {Bark, N. and Lindenmayer, J. P.},
	year = {1992},
	month = {01},
	date = {1992-01},
	journal = {The American Journal of Psychiatry},
	pages = {136--137},
	volume = {149},
	number = {1},
	doi = {10.1176/ajp.149.1.136b},
	note = {PMID: 1728163},
	langid = {eng}
}

@article{fonseka2014,
	title = {Second generation antipsychotic-induced obsessive-compulsive symptoms in schizophrenia: a review of the experimental literature},
	author = {Fonseka, Trehani M. and Richter, Margaret A. and {Müller}, Daniel J.},
	year = {2014},
	month = {11},
	date = {2014-11},
	journal = {Current Psychiatry Reports},
	pages = {510},
	volume = {16},
	number = {11},
	doi = {10.1007/s11920-014-0510-8},
	note = {PMID: 25256097},
	langid = {eng}
}

@article{hadi2012,
	title = {Obsessive-compulsive symptoms in schizophrenia: prevalence, clinical features and treatment. A literature review},
	author = {Hadi, Elliot and Greenberg, Yifah and Sirota, Pinkhas},
	year = {2012},
	month = {01},
	date = {2012-01},
	journal = {The World Journal of Biological Psychiatry: The Official Journal of the World Federation of Societies of Biological Psychiatry},
	pages = {2--13},
	volume = {13},
	number = {1},
	doi = {10.3109/15622975.2011.559271},
	note = {PMID: 21554025},
	langid = {eng}
}
