
@article{addington1990,
	title = {A depression rating scale for schizophrenics},
	author = {Addington, Donald and Addington, Jean and Schissel, Bernard},
	year = {1990},
	month = {07},
	date = {1990-07},
	journal = {Schizophrenia Research},
	pages = {247{\textendash}251},
	volume = {3},
	number = {4},
	doi = {10.1016/0920-9964(90)90005-r},
	url = {http://dx.doi.org/10.1016/0920-9964(90)90005-r}
}

@article{agid2003,
	title = {Delayed-Onset Hypothesis of Antipsychotic Action},
	author = {Agid, Ofer and Kapur, Shitij and Arenovich, Tamara and Zipursky, Robert B.},
	year = {2003},
	month = {12},
	date = {2003-12-01},
	journal = {Archives of General Psychiatry},
	pages = {1228},
	volume = {60},
	number = {12},
	doi = {10.1001/archpsyc.60.12.1228},
	url = {http://dx.doi.org/10.1001/archpsyc.60.12.1228}
}

@article{americanpsychiatricassociation2020,
	title = {The American Psychiatric Association Practice Guideline for the Treatment of Patients With Schizophrenia},
	author = {American Psychiatric Association, },
	year = {2020},
	month = {08},
	date = {2020-08-31},
	doi = {10.1176/appi.books.9780890424841},
	url = {http://dx.doi.org/10.1176/appi.books.9780890424841}
}

@article{breitborde2009,
	title = {Review of the operational definition for first-episode psychosis},
	author = {Breitborde, Nicholas J. K. and Srihari, Vinod H. and Woods, Scott W.},
	year = {2009},
	month = {11},
	date = {2009-11},
	journal = {Early Intervention in Psychiatry},
	pages = {259{\textendash}265},
	volume = {3},
	number = {4},
	doi = {10.1111/j.1751-7893.2009.00148.x},
	url = {http://dx.doi.org/10.1111/j.1751-7893.2009.00148.x}
}

@article{emsley2016,
	title = {How long should antipsychotic treatment be continued after a single episode of schizophrenia?},
	author = {Emsley, Robin and Kilian, Sanja and Phahladira, Lebogang},
	year = {2016},
	month = {05},
	date = {2016-05},
	journal = {Current Opinion in Psychiatry},
	pages = {224{\textendash}229},
	volume = {29},
	number = {3},
	doi = {10.1097/yco.0000000000000249},
	url = {http://dx.doi.org/10.1097/YCO.0000000000000249}
}

@article{mcgorry2010,
	title = {Clinical Staging: A Heuristic and Practical Strategy for New Research and Better Health and Social Outcomes for Psychotic and Related Mood Disorders},
	author = {McGorry, Patrick D and Nelson, Barnaby and Goldstone, Sherilyn and Yung, Alison R},
	year = {2010},
	month = {08},
	date = {2010-08},
	journal = {The Canadian Journal of Psychiatry},
	pages = {486{\textendash}497},
	volume = {55},
	number = {8},
	doi = {10.1177/070674371005500803},
	url = {http://dx.doi.org/10.1177/070674371005500803}
}

@article{lieberman2001,
	title = {The early stages of schizophrenia: speculations on pathogenesis, pathophysiology, and therapeutic approaches},
	author = {Lieberman, Jeffrey A. and Perkins, Diana and Belger, Aysenil and Chakos, Miranda and Jarskog, Fred and Boteva, Kalina and Gilmore, John},
	year = {2001},
	month = {12},
	date = {2001-12},
	journal = {Biological Psychiatry},
	pages = {884{\textendash}897},
	volume = {50},
	number = {11},
	doi = {10.1016/s0006-3223(01)01303-8},
	url = {http://dx.doi.org/10.1016/s0006-3223(01)01303-8}
}

@article{katsakou2007,
	title = {Patient's experiences of involuntary hospital admission and treatment: A review of qualitative studies},
	author = {Katsakou, Christina and Priebe, Stefan},
	year = {2007},
	month = {06},
	date = {2007-06},
	journal = {Epidemiologia e Psichiatria Sociale},
	pages = {172{\textendash}178},
	volume = {16},
	number = {2},
	doi = {10.1017/s1121189x00004802},
	url = {http://dx.doi.org/10.1017/s1121189x00004802}
}

@article{hwang2020,
	title = {Analysis of involuntary admissions in Korea through the admission management information system},
	author = {Hwang, Tae-Yeon and Jung, Gurin and Lee, Chung-Jung and Kim, Hye-Young},
	year = {2020},
	month = {01},
	date = {2020-01},
	journal = {International Journal of Law and Psychiatry},
	pages = {101542},
	volume = {68},
	doi = {10.1016/j.ijlp.2020.101542},
	url = {http://dx.doi.org/10.1016/j.ijlp.2020.101542}
}

@article{thomas2019,
	title = {Self-Determination and Choice in Mental Health: Qualitative Insights From a Study of Self-Directed Care},
	author = {Thomas, Elizabeth C. and Zisman-Ilani, Yaara and Salzer, Mark S.},
	year = {2019},
	month = {09},
	date = {2019-09-01},
	journal = {Psychiatric Services},
	pages = {801{\textendash}807},
	volume = {70},
	number = {9},
	doi = {10.1176/appi.ps.201800544},
	url = {http://dx.doi.org/10.1176/appi.ps.201800544}
}

@article{voskes2021,
	title = {High and Intensive Care in Psychiatry: A New Model for Acute Inpatient Care},
	author = {Voskes, Yolande and van Melle, Anne Laura and Widdershoven, Guy A. M. and van Mierlo, A. F. M. M. and Bovenberg, Frits J. M. and Mulder, Cornelis L.},
	year = {2021},
	month = {04},
	date = {2021-04-01},
	journal = {Psychiatric Services},
	pages = {475{\textendash}477},
	volume = {72},
	number = {4},
	doi = {10.1176/appi.ps.201800440},
	url = {http://dx.doi.org/10.1176/appi.ps.201800440}
}

@article{heekeren2020,
	title = {Psychiatric Acute Day Hospital as an Alternative to Inpatient Treatment},
	author = {Heekeren, Karsten and Antoniadis, Sofia and Habermeyer, Benedikt and Obermann, Caitriona and Kirschner, Matthias and Seifritz, Erich and {Rössler}, Wulf and Kawohl, Wolfram},
	year = {2020},
	month = {05},
	date = {2020-05-25},
	journal = {Frontiers in Psychiatry},
	volume = {11},
	doi = {10.3389/fpsyt.2020.00471},
	url = {http://dx.doi.org/10.3389/fpsyt.2020.00471}
}

@article{pletscher2015,
	title = {Marginal revenue and length of stay in inpatient psychiatry},
	author = {Pletscher, Mark},
	year = {2015},
	month = {10},
	date = {2015-10-07},
	journal = {The European Journal of Health Economics},
	pages = {897{\textendash}910},
	volume = {17},
	number = {7},
	doi = {10.1007/s10198-015-0735-4},
	url = {http://dx.doi.org/10.1007/s10198-015-0735-4}
}

@article{karow2002,
	title = {Psychosocial outcomes in patients with schizophrenia: quality of life and reintegration},
	author = {Karow, Anne and Naber, Dieter},
	year = {2002},
	month = {01},
	date = {2002-01},
	journal = {Current Opinion in Psychiatry},
	pages = {31{\textendash}36},
	volume = {15},
	number = {1},
	doi = {10.1097/00001504-200201000-00006},
	url = {http://dx.doi.org/10.1097/00001504-200201000-00006}
}

@article{schwartz2000,
	title = {Congruence of Diagnoses 2 Years After a First-Admission Diagnosis of Psychosis},
	author = {Schwartz, J. E.},
	year = {2000},
	month = {06},
	date = {2000-06-01},
	journal = {Archives of General Psychiatry},
	pages = {593{\textendash}600},
	volume = {57},
	number = {6},
	doi = {10.1001/archpsyc.57.6.593},
	url = {http://dx.doi.org/10.1001/archpsyc.57.6.593}
}

@article{baker2003,
	title = {Effectiveness of Rapid Initial Dose Escalation of up to Forty Milligrams per Day of Oral Olanzapine in Acute Agitation},
	author = {Baker, Robert W. and Kinon, Bruce J. and Maguire, Gerald A. and Liu, Hong and Hill, Angela L.},
	year = {2003},
	month = {08},
	date = {2003-08},
	journal = {Journal of Clinical Psychopharmacology},
	pages = {342{\textendash}348},
	volume = {23},
	number = {4},
	doi = {10.1097/01.jcp.0000085406.08426.a8},
	url = {http://dx.doi.org/10.1097/01.jcp.0000085406.08426.a8}
}

@article{lesem2011,
	title = {Rapid acute treatment of agitation in individuals with schizophrenia: multicentre, randomised, placebo-controlled study of inhaled loxapine},
	author = {Lesem, Michael D. and Tran-Johnson, Tram K. and Riesenberg, Robert A. and Feifel, David and Allen, Michael H. and Fishman, Robert and Spyker, Daniel A. and Kehne, John H. and Cassella, James V.},
	year = {2011},
	month = {01},
	date = {2011-01},
	journal = {British Journal of Psychiatry},
	pages = {51{\textendash}58},
	volume = {198},
	number = {1},
	doi = {10.1192/bjp.bp.110.081513},
	url = {http://dx.doi.org/10.1192/bjp.bp.110.081513}
}

@article{pratts2014,
	title = {A single-dose, randomized, double-blind, placebo-controlled trial of sublingual asenapine for acute agitation},
	author = {Pratts, M. and Citrome, L. and Grant, W. and Leso, L. and Opler, L. A.},
	year = {2014},
	month = {03},
	date = {2014-03-10},
	journal = {Acta Psychiatrica Scandinavica},
	pages = {61{\textendash}68},
	volume = {130},
	number = {1},
	doi = {10.1111/acps.12262},
	url = {http://dx.doi.org/10.1111/acps.12262}
}

@article{desouza2022,
	title = {Rapid tranquilization of the agitated patient in the emergency department: A systematic review and network meta-analysis},
	author = {deSouza, Ian S. and Thode, Henry C. and Shrestha, Pragati and Allen, Robert and Koos, Jessica and Singer, Adam J.},
	year = {2022},
	month = {01},
	date = {2022-01},
	journal = {The American Journal of Emergency Medicine},
	pages = {363{\textendash}373},
	volume = {51},
	doi = {10.1016/j.ajem.2021.11.011},
	url = {http://dx.doi.org/10.1016/j.ajem.2021.11.011}
}

@article{bak2019,
	title = {The pharmacological management of agitated and aggressive behaviour: A systematic review and meta-analysis},
	author = {Bak, Maarten and Weltens, Irene and Bervoets, Chris and De Fruyt, {Jürgen} and Samochowiec, Jerzy and Fiorillo, Andrea and Sampogna, Gaia and Bienkowski, Przemyslaw and Preuss, W. Ulrich and Misiak, Blazej and Frydecka, Dorota and Samochowiec, Agnieszka and Bak, Emma and Drukker, Marjan and Dom, Geert},
	year = {2019},
	month = {01},
	date = {2019-01-15},
	journal = {European Psychiatry},
	pages = {78{\textendash}100},
	volume = {57},
	doi = {10.1016/j.eurpsy.2019.01.014},
	url = {http://dx.doi.org/10.1016/j.eurpsy.2019.01.014}
}

@article{foster1997,
	title = {Efficacy of lorazepam and haloperidol for rapid tranquilization in a psychiatric emergency room setting},
	author = {Foster, S. and Kessel, J. and Berman, M. E. and Simpson, G. M.},
	year = {1997},
	month = {05},
	date = {1997-05},
	journal = {International Clinical Psychopharmacology},
	pages = {175{\textendash}180},
	volume = {12},
	number = {3},
	doi = {10.1097/00004850-199705000-00009},
	url = {http://dx.doi.org/10.1097/00004850-199705000-00009}
}

@article{currier2001,
	title = {Risperidone Liquid Concentrate and Oral Lorazepam Versus Intramuscular Haloperidol and Intramuscular Lorazepam for Treatment of Psychotic Agitation},
	author = {Currier, Glenn W. and Simpson, George M.},
	year = {2001},
	month = {03},
	date = {2001-03-15},
	journal = {The Journal of Clinical Psychiatry},
	pages = {153{\textendash}157},
	volume = {62},
	number = {3},
	doi = {10.4088/jcp.v62n0303},
	url = {http://dx.doi.org/10.4088/jcp.v62n0303}
}

@article{calver2013,
	title = {A prospective study of high dose sedation for rapid tranquilisation of acute behavioural disturbance in an acute mental health unit},
	author = {Calver, Leonie and Drinkwater, Vincent and Isbister, Geoffrey K},
	year = {2013},
	month = {09},
	date = {2013-09-18},
	journal = {BMC Psychiatry},
	volume = {13},
	number = {1},
	doi = {10.1186/1471-244x-13-225},
	url = {http://dx.doi.org/10.1186/1471-244X-13-225}
}

@article{chan2021,
	title = {Intramuscular midazolam, olanzapine, or haloperidol for the management of acute agitation: A multi-centre, double-blind, randomised clinical trial},
	author = {Chan, Esther W. and Lao, Kim S.J. and Lam, Lam and Tsui, Sik-Hon and Lui, Chun-Tat and Wong, Chi-Pang and Graham, Colin A. and Cheng, Chi-Hung and Chung, Tong-Shun and Lam, Hiu-Fung and Ting, Soo-Moi and Knott, Jonathan C. and Taylor, David M. and Kong, David C.M. and Leung, Ling-Pong and Wong, Ian C.K.},
	year = {2021},
	month = {02},
	date = {2021-02},
	journal = {EClinicalMedicine},
	pages = {100751},
	volume = {32},
	doi = {10.1016/j.eclinm.2021.100751},
	url = {http://dx.doi.org/10.1016/j.eclinm.2021.100751}
}

@article{salzman1986,
	title = {Benzodiazepines combined with neuroleptics for management of severe disruptive behavior},
	author = {Salzman, Carl and Green, Alan I. and Rodriguez-Villa, Fernando and Jaskiw, George I.},
	year = {1986},
	month = {01},
	date = {1986-01},
	journal = {Psychosomatics},
	pages = {17{\textendash}22},
	volume = {27},
	number = {1},
	doi = {10.1016/s0033-3182(86)72734-5},
	url = {http://dx.doi.org/10.1016/s0033-3182(86)72734-5}
}

@article{battaglia1997,
	title = {Haloperidol, lorazepam, or both for psychotic agitation? A multicenter, prospective, double-blind, emergency department study},
	author = {Battaglia, John and Moss, Sue and Rush, John and Kang, Jasbir and Mendoza, Ricardo and Leedom, Liane and Dubin, William and McGlynn, Charles and Goodman, Lowell},
	year = {1997},
	month = {07},
	date = {1997-07},
	journal = {The American Journal of Emergency Medicine},
	pages = {335{\textendash}340},
	volume = {15},
	number = {4},
	doi = {10.1016/s0735-6757(97)90119-4},
	url = {http://dx.doi.org/10.1016/s0735-6757(97)90119-4}
}

@article{citrome2013,
	title = {Review: Limited evidence on effects of haloperidol alone for rapid tranquillisation in psychosis-induced aggression},
	author = {Citrome, Leslie},
	year = {2013},
	month = {05},
	date = {2013-05},
	journal = {Evidence-Based Mental Health},
	pages = {47},
	volume = {16},
	number = {2},
	doi = {10.1136/eb-2012-101193},
	note = {PMID: 23416523},
	langid = {eng}
}

@article{satterthwaite2008,
	title = {A Meta-Analysis of the Risk of Acute Extrapyramidal Symptoms With Intramuscular Antipsychotics for the Treatment of Agitation},
	author = {Satterthwaite, Theodore D. and Wolf, Daniel H. and Rosenheck, Robert A. and Gur, Raquel E. and Caroff, Stanley N.},
	year = {2008},
	month = {12},
	date = {2008-12-31},
	journal = {The Journal of Clinical Psychiatry},
	pages = {1869{\textendash}1879},
	volume = {69},
	number = {12},
	doi = {10.4088/jcp.v69n1204},
	url = {http://dx.doi.org/10.4088/jcp.v69n1204}
}

@article{meyermassetti2010,
	title = {The FDA extended warning for intravenous haloperidol and torsades de pointes: How should institutions respond?},
	author = {Meyer-Massetti, Carla and Cheng, Christine M and Sharpe, Bradley A and Meier, Christoph R and Guglielmo, B. Joseph},
	year = {2010},
	month = {04},
	date = {2010-04},
	journal = {Journal of Hospital Medicine},
	pages = {E8{\textendash}E16},
	volume = {5},
	number = {4},
	doi = {10.1002/jhm.691},
	url = {http://dx.doi.org/10.1002/jhm.691}
}

@article{marder2010,
	title = {Case Reports of Postmarketing Adverse Event Experiences With Olanzapine Intramuscular Treatment in Patients With Agitation},
	author = {Marder, Stephen R. and Sorsaburu, Sebastian and Dunayevich, Eduardo and Karagianis, Jamie L. and Dawe, Ian C. and Falk, Deborah M. and Dellva, Mary Anne and Carlson, Janice L. and Cavazzoni, Patrizia A. and Baker, Robert W.},
	year = {2010},
	month = {02},
	date = {2010-02-09},
	journal = {The Journal of Clinical Psychiatry},
	pages = {433{\textendash}441},
	volume = {71},
	number = {04},
	doi = {10.4088/jcp.08m04411gry},
	url = {http://dx.doi.org/10.4088/JCP.08m04411gry}
}

@article{khorassani2019,
	title = {Intravenous Olanzapine for the Management of Agitation: Review of the Literature},
	author = {Khorassani, Farah and Saad, Maha},
	year = {2019},
	month = {02},
	date = {2019-02-13},
	journal = {Annals of Pharmacotherapy},
	pages = {853{\textendash}859},
	volume = {53},
	number = {8},
	doi = {10.1177/1060028019831634},
	url = {http://dx.doi.org/10.1177/1060028019831634}
}

@article{boter2009,
	title = {Effectiveness of antipsychotics in first-episode schizophrenia and schizophreniform disorder on response and remission: An open randomized clinical trial (EUFEST)},
	author = {Boter, Han and Peuskens, Joseph and Libiger, Jan and Fleischhacker, W. Wolfgang and Davidson, Michael and Galderisi, Silvana and Kahn, {René S.}},
	year = {2009},
	month = {12},
	date = {2009-12},
	journal = {Schizophrenia Research},
	pages = {97{\textendash}103},
	volume = {115},
	number = {2-3},
	doi = {10.1016/j.schres.2009.09.019},
	url = {http://dx.doi.org/10.1016/j.schres.2009.09.019}
}

@article{rosenheck2016,
	title = {Cost-Effectiveness of Comprehensive, Integrated Care for First Episode Psychosis in the NIMH RAISE Early Treatment Program},
	author = {Rosenheck, Robert and Leslie, Douglas and Sint, Kyaw and Lin, Haiqun and Robinson, Delbert G. and Schooler, Nina R. and Mueser, Kim T. and Penn, David L. and Addington, Jean and Brunette, Mary F. and Correll, Christoph U. and Estroff, Sue E. and Marcy, Patricia and Robinson, James and Severe, Joanne and Rupp, Agnes and Schoenbaum, Michael and Kane, John M.},
	year = {2016},
	month = {01},
	date = {2016-01-31},
	journal = {Schizophrenia Bulletin},
	pages = {896{\textendash}906},
	volume = {42},
	number = {4},
	doi = {10.1093/schbul/sbv224},
	url = {http://dx.doi.org/10.1093/schbul/sbv224}
}

@article{ganguly2018,
	title = {Holistic Management of Schizophrenia Symptoms Using Pharmacological and Non-pharmacological Treatment},
	author = {Ganguly, Pronab and Soliman, Abdrabo and Moustafa, Ahmed A.},
	year = {2018},
	month = {06},
	date = {2018-06-07},
	journal = {Frontiers in Public Health},
	volume = {6},
	doi = {10.3389/fpubh.2018.00166},
	url = {http://dx.doi.org/10.3389/fpubh.2018.00166}
}

@article{ceraso2020,
	title = {Maintenance treatment with antipsychotic drugs for schizophrenia},
	author = {Ceraso, Anna and LIN, Jessie Jingxia and Schneider-Thoma, Johannes and Siafis, Spyridon and Tardy, Magdolna and Komossa, Katja and Heres, Stephan and Kissling, Werner and Davis, John M and Leucht, Stefan},
	year = {2020},
	month = {08},
	date = {2020-08-11},
	journal = {Cochrane Database of Systematic Reviews},
	volume = {2020},
	number = {8},
	doi = {10.1002/14651858.cd008016.pub3},
	url = {http://dx.doi.org/10.1002/14651858.CD008016.pub3}
}

@article{correll2022,
	title = {Systematic literature review of schizophrenia clinical practice guidelines on acute and maintenance management with antipsychotics},
	author = {Correll, Christoph U. and Martin, Amber and Patel, Charmi and Benson, Carmela and Goulding, Rebecca and Kern-Sliwa, Jennifer and Joshi, Kruti and Schiller, Emma and Kim, Edward},
	year = {2022},
	month = {02},
	date = {2022-02-24},
	journal = {Schizophrenia},
	volume = {8},
	number = {1},
	doi = {10.1038/s41537-021-00192-x},
	url = {http://dx.doi.org/10.1038/s41537-021-00192-x}
}

@article{iwamoto2012,
	title = {Dose-dependent effect of antipsychotic drugs on autonomic nervous system activity in schizophrenia},
	author = {Iwamoto, Yohko and Kawanishi, Chiaki and Kishida, Ikuko and Furuno, Taku and Fujibayashi, Mami and Ishii, Chie and Ishii, Norio and Moritani, Toshio and Taguri, Masataka and Hirayasu, Yoshio},
	year = {2012},
	month = {11},
	date = {2012-11-14},
	journal = {BMC Psychiatry},
	volume = {12},
	number = {1},
	doi = {10.1186/1471-244x-12-199},
	url = {http://dx.doi.org/10.1186/1471-244X-12-199}
}

@article{aronow2018,
	title = {Effects of atypical antipsychotic drugs on QT interval in patients with mental disorders},
	author = {Aronow, Wilbert S. and Shamliyan, Tatyana A.},
	year = {2018},
	month = {04},
	date = {2018-04},
	journal = {Annals of Translational Medicine},
	pages = {147{\textendash}147},
	volume = {6},
	number = {8},
	doi = {10.21037/atm.2018.03.17},
	url = {http://dx.doi.org/10.21037/atm.2018.03.17}
}

@article{schneider2005,
	title = {Risk of Death With Atypical Antipsychotic Drug Treatment for Dementia},
	author = {Schneider, Lon S. and Dagerman, Karen S. and Insel, Philip},
	year = {2005},
	month = {10},
	date = {2005-10-19},
	journal = {JAMA},
	pages = {1934},
	volume = {294},
	number = {15},
	doi = {10.1001/jama.294.15.1934},
	url = {http://dx.doi.org/10.1001/jama.294.15.1934}
}

@article{shiloh2009,
	title = {Association between corneal temperature and mental status of treatment-resistant schizophrenia inpatients},
	author = {Shiloh, Roni and Schapir, Lior and Bar-Ziv, Danit and Stryjer, Rafael and Konas, Shai and Louis, Rachel and Hermesh, Haggai and Munitz, Hanan and Weizman, Abraham and Valevski, Avi},
	year = {2009},
	month = {09},
	date = {2009-09},
	journal = {European Neuropsychopharmacology},
	pages = {654{\textendash}658},
	volume = {19},
	number = {9},
	doi = {10.1016/j.euroneuro.2009.04.010},
	url = {http://dx.doi.org/10.1016/j.euroneuro.2009.04.010}
}

@article{ayano2018,
	title = {A systematic review and meta-analysis of gender difference in epidemiology of HIV, hepatitis B, and hepatitis C infections in people with severe mental illness},
	author = {Ayano, Getinet and Tulu, Mikiyas and Haile, Kibrom and Assefa, Dawit and Habtamu, Yodit and Araya, Gebresilassie and Yohannis, Zegeye},
	year = {2018},
	month = {05},
	date = {2018-05-04},
	journal = {Annals of General Psychiatry},
	volume = {17},
	number = {1},
	doi = {10.1186/s12991-018-0186-2},
	url = {http://dx.doi.org/10.1186/s12991-018-0186-2}
}

@article{graham2014,
	title = {Urinary Tract Infections in Acute Psychosis},
	author = {Graham, Krystle L. and Carson, Chelsea M. and Ezeoke, Amaka and Buckley, Peter F. and Miller, Brian J.},
	year = {2014},
	month = {01},
	date = {2014-01-21},
	journal = {The Journal of Clinical Psychiatry},
	pages = {379{\textendash}385},
	volume = {75},
	number = {04},
	doi = {10.4088/jcp.13m08469},
	url = {http://dx.doi.org/10.4088/JCP.13m08469}
}

@article{dzahini2018,
	title = {Antipsychotic drug use and pneumonia: Systematic review and meta-analysis},
	author = {Dzahini, O and Singh, N and Taylor, D and Haddad, PM},
	year = {2018},
	month = {10},
	date = {2018-10-18},
	journal = {Journal of Psychopharmacology},
	pages = {1167{\textendash}1181},
	volume = {32},
	number = {11},
	doi = {10.1177/0269881118795333},
	url = {http://dx.doi.org/10.1177/0269881118795333}
}

@article{kaplan2018,
	title = {Clozapine-Associated Aspiration Pneumonia: Case Series and Review of the Literature},
	author = {Kaplan, Jonathan and Schwartz, Ann C. and Ward, Martha C.},
	year = {2018},
	month = {03},
	date = {2018-03},
	journal = {Psychosomatics},
	pages = {199{\textendash}203},
	volume = {59},
	number = {2},
	doi = {10.1016/j.psym.2017.08.011},
	url = {http://dx.doi.org/10.1016/j.psym.2017.08.011}
}

@article{ferreira2019,
	title = {Olanzapine-Induced Fever},
	author = {Ferreira, Tiago F. and Godinho, Filipe D. G. and Dehanov, Sara D. and Trancas, Bruno and Maia, Teresa},
	year = {2019},
	month = {02},
	date = {2019-02-28},
	journal = {The Primary Care Companion For CNS Disorders},
	volume = {21},
	number = {1},
	doi = {10.4088/pcc.18l02332},
	url = {http://dx.doi.org/10.4088/PCC.18l02332}
}

@article{huybrechts2016,
	title = {Antipsychotic Use in Pregnancy and the Risk for Congenital Malformations},
	author = {Huybrechts, Krista F. and {Hernández-Díaz}, Sonia and Patorno, Elisabetta and Desai, Rishi J. and Mogun, Helen and Dejene, Sara Z. and Cohen, Jacqueline M. and Panchaud, Alice and Cohen, Lee and Bateman, Brian T.},
	year = {2016},
	month = {09},
	date = {2016-09-01},
	journal = {JAMA Psychiatry},
	pages = {938},
	volume = {73},
	number = {9},
	doi = {10.1001/jamapsychiatry.2016.1520},
	url = {http://dx.doi.org/10.1001/jamapsychiatry.2016.1520}
}

@article{gentile2008,
	title = {Antipsychotic Therapy During Early and Late Pregnancy. A Systematic Review},
	author = {Gentile, S.},
	year = {2008},
	month = {09},
	date = {2008-09-11},
	journal = {Schizophrenia Bulletin},
	pages = {518{\textendash}544},
	volume = {36},
	number = {3},
	doi = {10.1093/schbul/sbn107},
	url = {http://dx.doi.org/10.1093/schbul/sbn107}
}

@article{jeong2002,
	title = {The characteristics of clozapine-induced fever},
	author = {Jeong, Seong-Hoon and Ahn, Yong-Min and Koo, Young-Jin and Kang, Ung Gu and Kim, Yong Sik},
	year = {2002},
	month = {07},
	date = {2002-07-01},
	journal = {Schizophrenia Research},
	pages = {191--193},
	volume = {56},
	number = {1-2},
	doi = {10.1016/s0920-9964(01)00262-6},
	note = {PMID: 12084433},
	langid = {eng}
}

@article{cañas2007,
	title = {Management of agitation in the acute psychotic patient--efficacy without excessive sedation},
	author = {{Cañas}, Fernando},
	year = {2007},
	month = {03},
	date = {2007-03},
	journal = {European Neuropsychopharmacology: The Journal of the European College of Neuropsychopharmacology},
	pages = {S108--114},
	volume = {17 Suppl 2},
	doi = {10.1016/j.euroneuro.2007.02.004},
	note = {PMID: 17336765},
	langid = {eng}
}

@article{schleifer2011,
	title = {Management of acute agitation in psychosis: an evidence-based approach in the USA},
	author = {Schleifer, Justin J.},
	year = {2011},
	month = {03},
	date = {2011-03},
	journal = {Advances in Psychiatric Treatment},
	pages = {91--100},
	volume = {17},
	number = {2},
	doi = {10.1192/apt.bp.109.007310},
	url = {https://www.cambridge.org/core/product/identifier/S1355514600007380/type/journal_article},
	langid = {en}
}

@article{donlon1979,
	title = {Overview: efficacy and safety of the rapid neuroleptization method with injectable haloperidol},
	author = {Donlon, P. T. and Hopkin, J. and Tupin, J. P.},
	year = {1979},
	month = {03},
	date = {1979-03},
	journal = {The American Journal of Psychiatry},
	pages = {273--278},
	volume = {136},
	number = {3},
	doi = {10.1176/ajp.136.3.273},
	note = {PMID: 369395},
	langid = {eng}
}

@article{keating2017,
	title = {Pharmacological guidelines for schizophrenia: a systematic review and comparison of recommendations for the first episode},
	author = {Keating, Dolores and McWilliams, Stephen and Schneider, Ian and Hynes, Caroline and Cousins, {Gráinne} and Strawbridge, Judith and Clarke, Mary},
	year = {2017},
	month = {01},
	date = {2017-01-06},
	journal = {BMJ open},
	pages = {e013881},
	volume = {7},
	number = {1},
	doi = {10.1136/bmjopen-2016-013881},
	note = {PMID: 28062471
PMCID: PMC5223704},
	langid = {eng}
}

@article{remington2017,
	title = {Guidelines for the Pharmacotherapy of Schizophrenia in Adults},
	author = {Remington, Gary and Addington, Donald and Honer, William and Ismail, Zahinoor and Raedler, Thomas and Teehan, Michael},
	year = {2017},
	month = {09},
	date = {2017-09},
	journal = {Canadian Journal of Psychiatry. Revue Canadienne De Psychiatrie},
	pages = {604--616},
	volume = {62},
	number = {9},
	doi = {10.1177/0706743717720448},
	note = {PMID: 28703015
PMCID: PMC5593252},
	langid = {eng}
}

@article{vozoris2014,
	title = {Do benzodiazepines contribute to respiratory problems?},
	author = {Vozoris, Nicholas T},
	year = {2014},
	month = {09},
	date = {2014-09-05},
	journal = {Expert Review of Respiratory Medicine},
	pages = {661{\textendash}663},
	volume = {8},
	number = {6},
	doi = {10.1586/17476348.2014.957186},
	url = {http://dx.doi.org/10.1586/17476348.2014.957186}
}
