
@article{breitborde2009,
	title = {Review of the operational definition for first-episode psychosis},
	author = {Breitborde, Nicholas J. K. and Srihari, Vinod H. and Woods, Scott W.},
	year = {2009},
	month = {11},
	date = {2009-11},
	journal = {Early Intervention in Psychiatry},
	pages = {259{\textendash}265},
	volume = {3},
	number = {4},
	doi = {10.1111/j.1751-7893.2009.00148.x},
	url = {http://dx.doi.org/10.1111/j.1751-7893.2009.00148.x}
}

@article{emsley2016,
	title = {How long should antipsychotic treatment be continued after a single episode of schizophrenia?},
	author = {Emsley, Robin and Kilian, Sanja and Phahladira, Lebogang},
	year = {2016},
	month = {05},
	date = {2016-05},
	journal = {Current Opinion in Psychiatry},
	pages = {224{\textendash}229},
	volume = {29},
	number = {3},
	doi = {10.1097/yco.0000000000000249},
	url = {http://dx.doi.org/10.1097/YCO.0000000000000249}
}

@article{mcgorry2010,
	title = {Clinical Staging: A Heuristic and Practical Strategy for New Research and Better Health and Social Outcomes for Psychotic and Related Mood Disorders},
	author = {McGorry, Patrick D and Nelson, Barnaby and Goldstone, Sherilyn and Yung, Alison R},
	year = {2010},
	month = {08},
	date = {2010-08},
	journal = {The Canadian Journal of Psychiatry},
	pages = {486{\textendash}497},
	volume = {55},
	number = {8},
	doi = {10.1177/070674371005500803},
	url = {http://dx.doi.org/10.1177/070674371005500803}
}

@article{lieberman2001,
	title = {The early stages of schizophrenia: speculations on pathogenesis, pathophysiology, and therapeutic approaches},
	author = {Lieberman, Jeffrey A. and Perkins, Diana and Belger, Aysenil and Chakos, Miranda and Jarskog, Fred and Boteva, Kalina and Gilmore, John},
	year = {2001},
	month = {12},
	date = {2001-12},
	journal = {Biological Psychiatry},
	pages = {884{\textendash}897},
	volume = {50},
	number = {11},
	doi = {10.1016/s0006-3223(01)01303-8},
	url = {http://dx.doi.org/10.1016/s0006-3223(01)01303-8}
}

@article{katsakou2007,
	title = {Patient's experiences of involuntary hospital admission and treatment: A review of qualitative studies},
	author = {Katsakou, Christina and Priebe, Stefan},
	year = {2007},
	month = {06},
	date = {2007-06},
	journal = {Epidemiologia e Psichiatria Sociale},
	pages = {172{\textendash}178},
	volume = {16},
	number = {2},
	doi = {10.1017/s1121189x00004802},
	url = {http://dx.doi.org/10.1017/s1121189x00004802}
}

@article{hwang2020,
	title = {Analysis of involuntary admissions in Korea through the admission management information system},
	author = {Hwang, Tae-Yeon and Jung, Gurin and Lee, Chung-Jung and Kim, Hye-Young},
	year = {2020},
	month = {01},
	date = {2020-01},
	journal = {International Journal of Law and Psychiatry},
	pages = {101542},
	volume = {68},
	doi = {10.1016/j.ijlp.2020.101542},
	url = {http://dx.doi.org/10.1016/j.ijlp.2020.101542}
}

@article{thomas2019,
	title = {Self-Determination and Choice in Mental Health: Qualitative Insights From a Study of Self-Directed Care},
	author = {Thomas, Elizabeth C. and Zisman-Ilani, Yaara and Salzer, Mark S.},
	year = {2019},
	month = {09},
	date = {2019-09-01},
	journal = {Psychiatric Services},
	pages = {801{\textendash}807},
	volume = {70},
	number = {9},
	doi = {10.1176/appi.ps.201800544},
	url = {http://dx.doi.org/10.1176/appi.ps.201800544}
}

@article{voskes2021,
	title = {High and Intensive Care in Psychiatry: A New Model for Acute Inpatient Care},
	author = {Voskes, Yolande and van Melle, Anne Laura and Widdershoven, Guy A. M. and van Mierlo, A. F. M. M. and Bovenberg, Frits J. M. and Mulder, Cornelis L.},
	year = {2021},
	month = {04},
	date = {2021-04-01},
	journal = {Psychiatric Services},
	pages = {475{\textendash}477},
	volume = {72},
	number = {4},
	doi = {10.1176/appi.ps.201800440},
	url = {http://dx.doi.org/10.1176/appi.ps.201800440}
}

@article{schwartz2000,
	title = {Congruence of Diagnoses 2 Years After a First-Admission Diagnosis of Psychosis},
	author = {Schwartz, J. E.},
	year = {2000},
	month = {06},
	date = {2000-06-01},
	journal = {Archives of General Psychiatry},
	pages = {593{\textendash}600},
	volume = {57},
	number = {6},
	doi = {10.1001/archpsyc.57.6.593},
	url = {http://dx.doi.org/10.1001/archpsyc.57.6.593}
}

@article{heekeren2020,
	title = {Psychiatric Acute Day Hospital as an Alternative to Inpatient Treatment},
	author = {Heekeren, Karsten and Antoniadis, Sofia and Habermeyer, Benedikt and Obermann, Caitriona and Kirschner, Matthias and Seifritz, Erich and {RÃ¶ssler}, Wulf and Kawohl, Wolfram},
	year = {2020},
	month = {05},
	date = {2020-05-25},
	journal = {Frontiers in Psychiatry},
	volume = {11},
	doi = {10.3389/fpsyt.2020.00471},
	url = {http://dx.doi.org/10.3389/fpsyt.2020.00471}
}

@article{pletscher2015,
	title = {Marginal revenue and length of stay in inpatient psychiatry},
	author = {Pletscher, Mark},
	year = {2015},
	month = {10},
	date = {2015-10-07},
	journal = {The European Journal of Health Economics},
	pages = {897{\textendash}910},
	volume = {17},
	number = {7},
	doi = {10.1007/s10198-015-0735-4},
	url = {http://dx.doi.org/10.1007/s10198-015-0735-4}
}

@article{karow2002,
	title = {Psychosocial outcomes in patients with schizophrenia: quality of life and reintegration},
	author = {Karow, Anne and Naber, Dieter},
	year = {2002},
	month = {01},
	date = {2002-01},
	journal = {Current Opinion in Psychiatry},
	pages = {31{\textendash}36},
	volume = {15},
	number = {1},
	doi = {10.1097/00001504-200201000-00006},
	url = {http://dx.doi.org/10.1097/00001504-200201000-00006}
}

@article{konradi2001,
	title = {Antipsychotic drugs and neuroplasticity: insights into the treatment and neurobiology of schizophrenia},
	author = {Konradi, C. and Heckers, S.},
	year = {2001},
	month = {11},
	date = {2001-11-15},
	journal = {Biological Psychiatry},
	pages = {729--742},
	volume = {50},
	number = {10},
	doi = {10.1016/s0006-3223(01)01267-7},
	note = {PMID: 11720691
PMCID: PMC4205586},
	langid = {eng}
}

@article{turkheimer2020,
	title = {Normalizing the Abnormal: Do Antipsychotic Drugs Push the Cortex Into an Unsustainable Metabolic Envelope?},
	author = {Turkheimer, Federico E. and Selvaggi, Pierluigi and Mehta, Mitul A. and Veronese, Mattia and Zelaya, Fernando and Dazzan, Paola and Vernon, Anthony C.},
	year = {2020},
	month = {04},
	date = {2020-04-10},
	journal = {Schizophrenia Bulletin},
	pages = {484--495},
	volume = {46},
	number = {3},
	doi = {10.1093/schbul/sbz119},
	note = {PMID: 31755955
PMCID: PMC7147598},
	langid = {eng}
}

@article{tendillabeltran2020,
	title = {Atypical antipsychotics, more than just an antipsychotic},
	author = {Tendilla-Beltran, Hiram and Flores, Gonzalo},
	year = {2020},
	date = {2020},
	journal = {Neural Regeneration Research},
	pages = {1477},
	volume = {15},
	number = {8},
	doi = {10.4103/1673-5374.274337},
	url = {https://journals.lww.com/10.4103/1673-5374.274337},
	langid = {en}
}

@article{kim2019,
	title = {Analysis of Legal Liability in Medical Accident due to Nursing Practice through Precedents},
	author = {Kim, Youn Shin and Kim, Tae Eun},
	year = {2019},
	date = {2019},
	journal = {Korean Journal of Legal Medicine},
	pages = {119},
	volume = {43},
	number = {4},
	doi = {10.7580/kjlm.2019.43.4.119},
	url = {http://dx.doi.org/10.7580/kjlm.2019.43.4.119}
}
