
@article{nucifora2019,
	title = {Treatment resistant schizophrenia: Clinical, biological, and therapeutic perspectives},
	author = {Nucifora, Frederick C. and Woznica, Edgar and Lee, Brian J. and Cascella, Nicola and Sawa, Akira},
	year = {2019},
	month = {11},
	date = {2019-11},
	journal = {Neurobiology of Disease},
	pages = {104257},
	volume = {131},
	doi = {10.1016/j.nbd.2018.08.016},
	url = {http://dx.doi.org/10.1016/j.nbd.2018.08.016},
	langid = {en}
}

@article{lally2016,
	title = {Augmentation of clozapine with electroconvulsive therapy in treatment resistant schizophrenia: A systematic review and meta-analysis},
	author = {Lally, John and Tully, John and Robertson, Dene and Stubbs, Brendon and Gaughran, Fiona and MacCabe, James H.},
	year = {2016},
	month = {03},
	date = {2016-03},
	journal = {Schizophrenia Research},
	pages = {215--224},
	volume = {171},
	number = {1-3},
	doi = {10.1016/j.schres.2016.01.024},
	url = {http://dx.doi.org/10.1016/j.schres.2016.01.024},
	langid = {en}
}

@article{kim2018,
	title = {Combination of Electroconvulsive Therapy and Clozapine in Treatment-Resistant Schizophrenia},
	author = {Kim, Jung Hyun and Youn, Tak and Choi, Jun Gwon and Jeong, Seong Hoon and Jung, Hee Yeon and Kim, Yong Sik and Chung, In Won},
	year = {2018},
	month = {08},
	date = {2018-08-25},
	journal = {Psychiatry Investigation},
	pages = {829--835},
	volume = {15},
	number = {8},
	doi = {10.30773/pi.2018.05.15},
	url = {http://dx.doi.org/10.30773/pi.2018.05.15},
	langid = {en}
}

@article{youn2019,
	title = {Long-term clinical efficacy of maintenance electroconvulsive therapy in patients with treatment-resistant schizophrenia on clozapine},
	author = {Youn, Tak and Jeong, Seong Hoon and Kim, Yong Sik and Chung, In Won},
	year = {2019},
	month = {03},
	date = {2019-03},
	journal = {Psychiatry Research},
	pages = {759--766},
	volume = {273},
	doi = {10.1016/j.psychres.2019.02.008},
	url = {http://dx.doi.org/10.1016/j.psychres.2019.02.008},
	langid = {en}
}

@article{petrides2015,
	title = {Electroconvulsive Therapy Augmentation in Clozapine-Resistant Schizophrenia: A Prospective, Randomized Study},
	author = {Petrides, Georgios and Malur, Chitra and Braga, Raphael J. and Bailine, Samuel H. and Schooler, Nina R. and Malhotra, Anil K. and Kane, John M. and Sanghani, Sohag and Goldberg, Terry E. and John, Majnu and Mendelowitz, Alan},
	year = {2015},
	month = {01},
	date = {2015-01},
	journal = {American Journal of Psychiatry},
	pages = {52--58},
	volume = {172},
	number = {1},
	doi = {10.1176/appi.ajp.2014.13060787},
	url = {http://dx.doi.org/10.1176/appi.ajp.2014.13060787},
	langid = {en}
}

@article{melzer-ribeiro2017,
	title = {Efficacy of electroconvulsive therapy augmentation for partial response to clozapine: a pilot randomized ECT {\textendash} sham controlled trial},
	author = {Melzer-Ribeiro, Debora Luciana and Rigonatti, Sergio Paulo and Kayo, Monica and Avrichir, Belquiz S. and Ribeiro, Rafael Bernardon and Santos, Bernardo Dos and Fortes, Marisa and Elkis, Helio},
	year = {2017},
	month = {04},
	date = {2017-04},
	journal = {Archives of Clinical Psychiatry (São Paulo)},
	pages = {45--50},
	volume = {44},
	number = {2},
	doi = {10.1590/0101-60830000000116},
	url = {http://dx.doi.org/10.1590/0101-60830000000116}
}

@article{jelovac2013,
	title = {Relapse Following Successful Electroconvulsive Therapy for Major Depression: A Meta-Analysis},
	author = {Jelovac, Ana and Kolshus, Erik and McLoughlin, Declan M},
	year = {2013},
	month = {06},
	date = {2013-06-18},
	journal = {Neuropsychopharmacology},
	pages = {2467--2474},
	volume = {38},
	number = {12},
	doi = {10.1038/npp.2013.149},
	url = {http://dx.doi.org/10.1038/npp.2013.149},
	langid = {en}
}

@article{shibasaki2015,
	title = {Factors associated with the risk of relapse in schizophrenic patients after a response to electroconvulsive therapy: a retrospective study},
	author = {Shibasaki, Chiyo and Takebayashi, Minoru and Fujita, Yasutaka and Yamawaki, Shigeto},
	year = {2015},
	month = {01},
	date = {2015-01},
	journal = {Neuropsychiatric Disease and Treatment},
	pages = {67},
	doi = {10.2147/ndt.s74303},
	url = {http://dx.doi.org/10.2147/NDT.S74303},
	langid = {en}
}

@article{ward2018,
	title = {Maintenance ECT in schizophrenia: A systematic review},
	author = {Ward, Heather Burrell and Szabo, Steven T. and Rakesh, Gopalkumar},
	year = {2018},
	month = {06},
	date = {2018-06},
	journal = {Psychiatry Research},
	pages = {131--142},
	volume = {264},
	doi = {10.1016/j.psychres.2018.03.033},
	url = {http://dx.doi.org/10.1016/j.psychres.2018.03.033},
	langid = {en}
}

@article{trevino2010,
	title = {A Review of Continuation Electroconvulsive Therapy},
	author = {Trevino, Kenneth and McClintock, Shawn M. and Husain, Mustafa M.},
	year = {2010},
	month = {09},
	date = {2010-09},
	journal = {The Journal of ECT},
	pages = {186--195},
	volume = {26},
	number = {3},
	doi = {10.1097/yct.0b013e3181efa1b2},
	url = {http://dx.doi.org/10.1097/YCT.0b013e3181efa1b2},
	langid = {en}
}

@article{weiner2017,
	title = {Key updates in the clinical application of electroconvulsive therapy},
	author = {Weiner, Richard D. and Reti, Irving M.},
	year = {2017},
	month = {03},
	date = {2017-03-04},
	journal = {International Review of Psychiatry},
	pages = {54--62},
	volume = {29},
	number = {2},
	doi = {10.1080/09540261.2017.1309362},
	url = {http://dx.doi.org/10.1080/09540261.2017.1309362},
	langid = {en}
}

@article{braga2017,
	title = {761. Continuation Electroconvulsive Therapy for Clozapine-Resistant Schizophrenia},
	author = {Braga, Raphael and Petrides, Georgios and Schooler, Nina and Bailine, Samuel and Kane, John and Mendelowitz, Alan},
	year = {2017},
	month = {05},
	date = {2017-05},
	journal = {Biological Psychiatry},
	pages = {S309},
	volume = {81},
	number = {10},
	doi = {10.1016/j.biopsych.2017.02.828},
	url = {http://dx.doi.org/10.1016/j.biopsych.2017.02.828},
	langid = {en}
}

@article{maintena1995,
	title = {Maintenance electroconvulsive therapy for chronic mentally ill patients: a case series},
	year = {1995},
	month = {03},
	date = {1995-03},
	journal = {Psychiatric Services},
	pages = {265--268},
	volume = {46},
	number = {3},
	doi = {10.1176/ps.46.3.265},
	url = {http://dx.doi.org/10.1176/ps.46.3.265},
	langid = {en}
}

@article{dannon2015,
	title = {Patients with schizophrenia or schizoaffective disorder who receive multiple electroconvulsive therapy sessions: characteristics, indications, and&nbsp;results},
	author = {Dannon, Pinhas and Iancu, Iulian and Pick, Nimrod and Seener-Lorsh, Orit},
	year = {2015},
	month = {03},
	date = {2015-03},
	journal = {Neuropsychiatric Disease and Treatment},
	pages = {853},
	doi = {10.2147/ndt.s78919},
	url = {http://dx.doi.org/10.2147/NDT.S78919},
	langid = {en}
}

@article{moeller2017,
	title = {Achieving stable remission with maintenance electroconvulsive therapy in a patient with treatment-resistant schizophrenia},
	author = {Moeller, Sebastian and Kalkwarf, Neele and {Lücke}, Caroline and Ortiz, Diana and Jahn, Sonja and {Först}, Christiane and Braun, Niclas and Philipsen, Alexandra and {Müller}, Helge H.O.},
	year = {2017},
	month = {12},
	date = {2017-12},
	journal = {Medicine},
	pages = {e8813},
	volume = {96},
	number = {48},
	doi = {10.1097/md.0000000000008813},
	url = {http://dx.doi.org/10.1097/MD.0000000000008813},
	langid = {en}
}

@article{shelef2015,
	title = {Acute Electroconvulsive Therapy Followed by Maintenance Electroconvulsive Therapy Decreases Hospital Re-Admission Rates of Older Patients With Severe Mental Illness},
	author = {Shelef, Assaf and Mazeh, Doron and Berger, Uri and Baruch, Yehuda and Barak, Yoram},
	year = {2015},
	month = {06},
	date = {2015-06},
	journal = {The Journal of ECT},
	pages = {125--128},
	volume = {31},
	number = {2},
	doi = {10.1097/yct.0000000000000197},
	url = {http://dx.doi.org/10.1097/yct.0000000000000197},
	langid = {en}
}

@article{Chung2021,
	title = {Resolution of Persistent Auditory Verbal Hallucinations after Long-term Electroconvulsive Therapy Maintenance: A Case Report of a Patient with Clozapine-resistant Schizophrenia},
	author = {Chung, In Won and Kim, Hye Sung and Kim, Jung Hyun and Jang, Jin Hyeok and Kim, Yong Sik},
	year = {2021},
	month = {02},
	date = {2021-02-28},
	journal = {Clinical Psychopharmacology and Neuroscience},
	pages = {170--173},
	volume = {19},
	number = {1},
	doi = {10.9758/cpn.2021.19.1.170},
	url = {http://dx.doi.org/10.9758/cpn.2021.19.1.170},
	langid = {en}
}

@article{Chi2017,
	title = {Effects of Psychotropic Drugs on Seizure Threshold during Electroconvulsive Therapy},
	author = {Chi, Su-Hyuk and Jeong, Hyun-Ghang and Lee, Suji and Oh, So-Young and Kim, Seung-Hyun},
	year = {2017},
	date = {2017},
	journal = {Psychiatry Investigation},
	pages = {647},
	volume = {14},
	number = {5},
	doi = {10.4306/pi.2017.14.5.647},
	url = {http://dx.doi.org/10.4306/pi.2017.14.5.647},
	langid = {en}
}

@article{grover2015,
	title = {Combined use of clozapine and ECT: a review},
	author = {Grover, Sandeep and Hazari, Nandita and Kate, Natasha},
	year = {2015},
	month = {02},
	date = {2015-02-20},
	journal = {Acta Neuropsychiatrica},
	pages = {131--142},
	volume = {27},
	number = {3},
	doi = {10.1017/neu.2015.8},
	url = {http://dx.doi.org/10.1017/neu.2015.8},
	langid = {en}
}


@book{kys2019,
	title = {전기경련치료: 이론과 실제},
	shorttitle = {전기경련치료},
	url = {http://www.kyobobook.co.kr/product/detailViewKor.laf?mallGb=KOR&ejkGb=KOR&barcode=9788952118844},
	abstract = {전기경련치료에 대한 축적된 임상 경험과 방대한 문헌 고찰의 결과를 한데 묶은 이론적이며 실제적인 지침서전기경련치료는 1938년에 처음 임상에 도입되었으며, 정신의학의 오랜 역사를 통해 매우 효과적인 치료법으로 잘 알려져 있다. 그러나 임상의와 환자들은 전기경련치료의 효...},
	language = {ko},
	urldate = {2022-08-02},
	publisher = {서울대학교출판문화원},
	author = {김용식 and 정인원 and 강웅구 and 안용민 and 윤탁},
	year = {2019},
	file = {Snapshot:C\:\\Users\\Ansel\\Zotero\\storage\\8UAESIVC\\detailViewKor.html:text/html},
}

@article{Hoffman1999,
	title = {Transcranial magnetic stimulation of left temporoparietal cortex in three patients reporting hallucinated {\textquotedblleft}voices{\textquotedblright}},
	author = {Hoffman, Ralph E and Boutros, Nashaat N and Berman, Robert M and Roessler, Elizabeth and Belger, Aysenil and Krystal, John H and Charney, Dennis S},
	year = {1999},
	month = {07},
	date = {1999-07},
	journal = {Biological Psychiatry},
	pages = {130--132},
	volume = {46},
	number = {1},
	doi = {10.1016/s0006-3223(98)00358-8},
	url = {http://dx.doi.org/10.1016/s0006-3223(98)00358-8},
	langid = {en}
}

@article{Hoffman2003,
	title = {Transcranial Magnetic Stimulation of Left Temporoparietal Cortex and Medication-Resistant Auditory Hallucinations},
	author = {Hoffman, Ralph E. and Hawkins, Keith A. and Gueorguieva, Ralitza and Boutros, Nash N. and Rachid, Fady and Carroll, Kathleen and Krystal, John H.},
	year = {2003},
	month = {01},
	date = {2003-01-01},
	journal = {Archives of General Psychiatry},
	pages = {49},
	volume = {60},
	number = {1},
	doi = {10.1001/archpsyc.60.1.49},
	url = {http://dx.doi.org/10.1001/archpsyc.60.1.49},
	langid = {en}
}

@article{Otani2015,
	title = {A systematic review and meta-analysis of the use of repetitive transcranial magnetic stimulation for auditory hallucinations treatment in refractory schizophrenic patients},
	author = {Otani, Victor Henrique Oyamada and Shiozawa, Pedro and Cordeiro, Quirino and Uchida, Ricardo Ryoiti},
	year = {2014},
	month = {11},
	date = {2014-11-20},
	journal = {International Journal of Psychiatry in Clinical Practice},
	pages = {228--232},
	volume = {19},
	number = {4},
	doi = {10.3109/13651501.2014.980830},
	url = {http://dx.doi.org/10.3109/13651501.2014.980830},
	langid = {en}
}

@article{kennedy2018,
	title = {Efficacy of non-invasive brain stimulation on the symptom dimensions of schizophrenia: A meta-analysis of randomized controlled trials},
	author = {Kennedy, Nigel I. and Lee, Won Hee and Frangou, Sophia},
	year = {2018},
	date = {2018},
	journal = {European Psychiatry},
	pages = {69--77},
	volume = {49},
	doi = {10.1016/j.eurpsy.2017.12.025},
	url = {http://dx.doi.org/10.1016/j.eurpsy.2017.12.025},
	langid = {en}
}

@article{marzouk2019,
	title = {Transcranial Magnetic Stimulation for Positive Symptoms in Schizophrenia: A Systematic Review},
	author = {Marzouk, Taylor and Winkelbeiner, Stephanie and Azizi, Heela and Malhotra, {Anil K.} and Homan, Philipp},
	year = {2019},
	month = {09},
	date = {2019-09-10},
	journal = {Neuropsychobiology},
	pages = {384--396},
	volume = {79},
	number = {6},
	doi = {10.1159/000502148},
	url = {http://dx.doi.org/10.1159/000502148},
	langid = {en}
}

@article{Wobrock2015,
	title = {Left Prefrontal High-Frequency Repetitive Transcranial Magnetic Stimulation for the Treatment of Schizophrenia with Predominant Negative Symptoms: A Sham-Controlled, Randomized Multicenter Trial},
	author = {Wobrock, Thomas and Guse, Birgit and Cordes, Joachim and {Wölwer}, Wolfgang and Winterer, Georg and Gaebel, Wolfgang and Langguth, Berthold and Landgrebe, Michael and Eichhammer, Peter and Frank, Elmar and Hajak, {Göran} and Ohmann, Christian and Verde, Pablo E. and Rietschel, Marcella and Ahmed, Raees and Honer, William G. and Malchow, Berend and Schneider-Axmann, Thomas and Falkai, Peter and Hasan, Alkomiet},
	year = {2015},
	month = {06},
	date = {2015-06},
	journal = {Biological Psychiatry},
	pages = {979--988},
	volume = {77},
	number = {11},
	doi = {10.1016/j.biopsych.2014.10.009},
	url = {http://dx.doi.org/10.1016/j.biopsych.2014.10.009},
	langid = {en}
}

@article{wagner2019,
	title = {Efficacy of high-frequency repetitive transcranial magnetic stimulation in schizophrenia patients with treatment-resistant negative symptoms treated with clozapine},
	author = {Wagner, Elias and Wobrock, Thomas and Kunze, Birgit and Langguth, Berthold and Landgrebe, Michael and Eichhammer, Peter and Frank, Elmar and Cordes, Joachim and {Wölwer}, Wolfgang and Winterer, Georg and Gaebel, Wolfgang and Hajak, {Göran} and Ohmann, Christian and Verde, Pablo E. and Rietschel, Marcella and Ahmed, Raees and Honer, William G. and Siskind, Dan and Malchow, Berend and Strube, Wolfgang and Schneider-Axmann, Thomas and Falkai, Peter and Hasan, Alkomiet},
	year = {2019},
	month = {06},
	date = {2019-06},
	journal = {Schizophrenia Research},
	pages = {370--376},
	volume = {208},
	doi = {10.1016/j.schres.2019.01.021},
	url = {http://dx.doi.org/10.1016/j.schres.2019.01.021},
	langid = {en}
}

@article{silbersweig1995,
	title = {A functional neuroanatomy of hallucinations in schizophrenia},
	author = {Silbersweig, D. A. and Stern, E. and Frith, C. and Cahill, C. and Holmes, A. and Grootoonk, Sylke and Seaward, J. and McKenna, P. and Chua, S. E. and Schnorr, L. and Jones, T. and Frackowiak, R. S. J.},
	year = {1995},
	month = {11},
	date = {1995-11},
	journal = {Nature},
	pages = {176--179},
	volume = {378},
	number = {6553},
	doi = {10.1038/378176a0},
	url = {http://dx.doi.org/10.1038/378176a0},
	langid = {en}
}

@article{kindler2013,
	title = {Reduced Neuronal Activity in Language-Related Regions After Transcranial Magnetic Stimulation Therapy for Auditory Verbal Hallucinations},
	author = {Kindler, Jochen and Homan, Philipp and Jann, Kay and Federspiel, Andrea and Flury, Richard and Hauf, Martinus and Strik, Werner and Dierks, Thomas and Hubl, Daniela},
	year = {2013},
	month = {03},
	date = {2013-03},
	journal = {Biological Psychiatry},
	pages = {518--524},
	volume = {73},
	number = {6},
	doi = {10.1016/j.biopsych.2012.06.019},
	url = {http://dx.doi.org/10.1016/j.biopsych.2012.06.019},
	langid = {en}
}

@article{siskind2019,
	title = {rTMS for clozapine refractory schizophrenia {\textendash} A systematic review and pairwise meta-analysis},
	author = {Siskind, Dan and Honarparvar, Faraz and Hasan, Alkomiet and Wagner, Elias and Sinha, Surabhi and Orr, Stacy and Kisely, Steve},
	year = {2019},
	month = {09},
	date = {2019-09},
	journal = {Schizophrenia Research},
	pages = {113--114},
	volume = {211},
	doi = {10.1016/j.schres.2019.07.004},
	url = {http://dx.doi.org/10.1016/j.schres.2019.07.004},
	langid = {en}
}

@article{pycroft2018,
	title = {Deep brain stimulation: An overview of history, methods, and future developments},
	author = {Pycroft, Laurie and Stein, John and Aziz, Tipu},
	year = {2018},
	month = {01},
	date = {2018-01},
	journal = {Brain and Neuroscience Advances},
	pages = {239821281881601},
	volume = {2},
	doi = {10.1177/2398212818816017},
	url = {http://dx.doi.org/10.1177/2398212818816017},
	langid = {en}
}

@article{oliveria2018,
	title = {The dark history of early deep brain stimulation},
	author = {Oliveria, Seth F},
	year = {2018},
	month = {09},
	date = {2018-09},
	journal = {The Lancet Neurology},
	pages = {748},
	volume = {17},
	number = {9},
	doi = {10.1016/s1474-4422(18)30237-0},
	url = {http://dx.doi.org/10.1016/S1474-4422(18)30237-0},
	langid = {en}
}

@article{plewnia2008,
	title = {Sustained improvement of obsessive{\textendash}compulsive disorder by deep brain stimulation in a woman with residual schizophrenia},
	author = {Plewnia, Christian and Schober, Franziska and Rilk, Albrecht and Buchkremer, Gerhard and Reimold, Matthias and {Wächter}, Tobias and Breit, Sorin and Weiss, Daniel and {Krüger}, Rejko and Freudenstein, Dirk},
	year = {2008},
	month = {08},
	date = {2008-08-13},
	journal = {The International Journal of Neuropsychopharmacology},
	pages = {1181},
	volume = {11},
	number = {08},
	doi = {10.1017/s1461145708009188},
	url = {http://dx.doi.org/10.1017/S1461145708009188},
	langid = {en}
}

@article{corripio2016,
	title = {Clinical Improvement in a Treatment-Resistant Patient With Schizophrenia Treated With Deep Brain Stimulation},
	author = {Corripio, Iluminada and {Sarró}, Salvador and McKenna, Peter J. and Molet, Joan and {Álvarez}, Enric and Pomarol-Clotet, Edith and Portella, Maria J.},
	year = {2016},
	month = {10},
	date = {2016-10},
	journal = {Biological Psychiatry},
	pages = {e69--e70},
	volume = {80},
	number = {8},
	doi = {10.1016/j.biopsych.2016.03.1049},
	url = {http://dx.doi.org/10.1016/j.biopsych.2016.03.1049},
	langid = {en}
}

@article{Corripio2020,
	title = {Deep brain stimulation in treatment resistant schizophrenia: A pilot randomized cross-over clinical trial},
	author = {Corripio, Iluminada and {Roldán}, Alexandra and {Sarró}, Salvador and McKenna, Peter J. and {Alonso-Solís}, Anna and Rabella, Mireia and {Díaz}, Anna and Puigdemont, Dolors and {Pérez-Solà}, {Víctor} and {Álvarez}, Enric and {Arévalo}, Antonio and Padilla, Pedro P. and Ruiz-Idiago, Jesus M. and {Rodríguez}, Rodrigo and Molet, Joan and Pomarol-Clotet, Edith and Portella, Maria J.},
	year = {2020},
	month = {01},
	date = {2020-01},
	journal = {EBioMedicine},
	pages = {102568},
	volume = {51},
	doi = {10.1016/j.ebiom.2019.11.029},
	url = {http://dx.doi.org/10.1016/j.ebiom.2019.11.029},
	langid = {en}
}

@article{Mosley2015,
	title = {The Psychiatric and Neuropsychiatric Symptoms After Subthalamic Stimulation for Parkinson{\textquoteright}s Disease},
	author = {Mosley, Philip E. and Marsh, Rodney},
	year = {2015},
	month = {01},
	date = {2015-01},
	journal = {The Journal of Neuropsychiatry and Clinical Neurosciences},
	pages = {19--26},
	volume = {27},
	number = {1},
	doi = {10.1176/appi.neuropsych.14040069},
	url = {http://dx.doi.org/10.1176/appi.neuropsych.14040069},
	langid = {en}
}
