
@article{itil1966,
	title = {Therapeutic studies in {\textquotedblleft}therapy resistant{\textquotedblright} schizophrenic patients},
	author = {Itil, Turan M. and Keskiner, Ali and Fink, Max},
	year = {1966},
	month = {12},
	date = {1966-12},
	journal = {Comprehensive Psychiatry},
	pages = {488--493},
	volume = {7},
	number = {6},
	doi = {10.1016/S0010-440X(66)80028-7},
	url = {https://linkinghub.elsevier.com/retrieve/pii/S0010440X66800287},
	langid = {en}
}


@incollection{citrome_introduction_2013,
	address = {Tarporley},
	title = {Introduction},
	isbn = {978-1-908517-88-3},
	url = {https://doi.org/10.1007/978-1-908517-88-3_1},
	abstract = {Schizophrenia is a common chronic mental disorder estimated to have a global prevalence of about 0.5–1.0 \% in the general population and a prevalence of 1.0 \% in the US population [1,2]. Typically, people with schizophrenia initially present for treatment when they have their first acute psychotic episode. This usually occurs in a patient’s teens or early adulthood. Response to antipsychotic medication during the first episode is usually robust in terms of reduction of positive psychotic symptoms, such as hallucinations and delusions, and the hope is to forestall further deterioration in overall functioning.},
	language = {en},
	urldate = {2022-07-29},
	booktitle = {Handbook of {Treatment}-resistant {Schizophrenia}},
	publisher = {Springer Healthcare Ltd.},
	author = {Citrome, Leslie},
	editor = {Citrome, Leslie},
	year = {2013},
	doi = {10.1007/978-1-908517-88-3_1},
	keywords = {Psyc Hiatry, QBUJFOUT XJUI},
	pages = {2--13},
}

@article{kane1988,
	title = {Clozapine for the treatment-resistant schizophrenic. A double-blind comparison with chlorpromazine},
	author = {Kane, J. and Honigfeld, G. and Singer, J. and Meltzer, H.},
	year = {1988},
	month = {09},
	date = {1988-09},
	journal = {Archives of General Psychiatry},
	pages = {789--796},
	volume = {45},
	number = {9},
	doi = {10.1001/archpsyc.1988.01800330013001},
	note = {PMID: 3046553},
	langid = {eng}
}

@article{kane2013,
	title = {Non-adherence to medication in patients with psychotic disorders: epidemiology, contributing factors and management strategies},
	author = {Kane, John M. and Kishimoto, Taishiro and Correll, Christoph U.},
	year = {2013},
	month = {10},
	date = {2013-10},
	journal = {World psychiatry: official journal of the World Psychiatric Association (WPA)},
	pages = {216--226},
	volume = {12},
	number = {3},
	doi = {10.1002/wps.20060},
	note = {PMID: 24096780
PMCID: PMC3799245},
	langid = {eng}
}

@article{spina2015,
	title = {Clinical applications of CYP genotyping in psychiatry},
	author = {Spina, Edoardo and de Leon, Jose},
	year = {2015},
	month = {01},
	date = {2015-01},
	journal = {Journal of Neural Transmission (Vienna, Austria: 1996)},
	pages = {5--28},
	volume = {122},
	number = {1},
	doi = {10.1007/s00702-014-1300-5},
	note = {PMID: 25200585},
	langid = {eng}
}

@article{howes2017,
	title = {Treatment-Resistant Schizophrenia: Treatment Response and Resistance in Psychosis (TRRIP) Working Group Consensus Guidelines on Diagnosis and Terminology},
	author = {Howes, Oliver D. and McCutcheon, Rob and Agid, Ofer and de Bartolomeis, Andrea and van Beveren, Nico J.M. and Birnbaum, Michael L. and Bloomfield, Michael A.P. and Bressan, Rodrigo A. and Buchanan, Robert W. and Carpenter, William T. and Castle, David J. and Citrome, Leslie and Daskalakis, Zafiris J. and Davidson, Michael and Drake, Richard J. and Dursun, Serdar and Ebdrup, {Bjørn H.} and Elkis, Helio and Falkai, Peter and Fleischacker, W. Wolfgang and Gadelha, Ary and Gaughran, Fiona and {Glenthøj}, Birte Y. and Graff-Guerrero, Ariel and Hallak, Jaime E.C. and Honer, William G. and Kennedy, James and Kinon, Bruce J. and Lawrie, Stephen M. and Lee, Jimmy and Leweke, F. Markus and MacCabe, James H. and McNabb, Carolyn B. and Meltzer, Herbert and {Möller}, {Hans-Jürgen} and Nakajima, Shinchiro and Pantelis, Christos and Reis Marques, Tiago and Remington, Gary and Rossell, Susan L. and Russell, Bruce R. and Siu, Cynthia O. and Suzuki, Takefumi and Sommer, Iris E. and Taylor, David and Thomas, Neil and {Üçok}, Alp and Umbricht, Daniel and Walters, James T.R. and Kane, John and Correll, Christoph U.},
	year = {2017},
	month = {03},
	date = {2017-03},
	journal = {American Journal of Psychiatry},
	pages = {216{\textendash}229},
	volume = {174},
	number = {3},
	doi = {10.1176/appi.ajp.2016.16050503},
	url = {http://dx.doi.org/10.1176/appi.ajp.2016.16050503}
}

@article{kim2020,
	title = {Pseudo-Resistant Schizophrenia: Non-Adherence to Treatment},
	author = {Kim, Hyerim and Lee, Seung Jae},
	year = {2020},
	month = {10},
	date = {2020-10-30},
	journal = {Korean Journal of Schizophrenia Research},
	pages = {51--57},
	volume = {23},
	number = {2},
	doi = {10.16946/kjsr.2020.23.2.51},
	url = {http://dx.doi.org/10.16946/kjsr.2020.23.2.51},
	langid = {en}
}

@article{kinon2019,
	title = {The Group of Treatment Resistant Schizophrenias. Heterogeneity in Treatment Resistant Schizophrenia (TRS)},
	author = {Kinon, Bruce J.},
	year = {2019},
	month = {01},
	date = {2019-01-30},
	journal = {Frontiers in Psychiatry},
	volume = {9},
	doi = {10.3389/fpsyt.2018.00757},
	url = {http://dx.doi.org/10.3389/fpsyt.2018.00757}
}

@article{potkin2020,
	title = {The neurobiology of treatment-resistant schizophrenia: paths to antipsychotic resistance and a roadmap for future research},
	author = {Potkin, Steven G. and Kane, John M. and Correll, Christoph U. and Lindenmayer, Jean-Pierre and Agid, Ofer and Marder, Stephen R. and Olfson, Mark and Howes, Oliver D.},
	year = {2020},
	month = {01},
	date = {2020-01-07},
	journal = {npj Schizophrenia},
	volume = {6},
	number = {1},
	doi = {10.1038/s41537-019-0090-z},
	url = {http://dx.doi.org/10.1038/s41537-019-0090-z},
	langid = {en}
}

@article{kinon2009,
	title = {Early Response to Antipsychotic Drug Therapy as a Clinical Marker of Subsequent Response in the Treatment of Schizophrenia},
	author = {Kinon, Bruce J and Chen, Lei and Ascher-Svanum, Haya and Stauffer, Virginia L and Kollack-Walker, Sara and Zhou, Wei and Kapur, Shitij and Kane, John M},
	year = {2009},
	month = {11},
	date = {2009-11-04},
	journal = {Neuropsychopharmacology},
	pages = {581--590},
	volume = {35},
	number = {2},
	doi = {10.1038/npp.2009.164},
	url = {http://dx.doi.org/10.1038/npp.2009.164},
	langid = {en}
}

@article{leucht2009,
	title = {Definitions of response and remission in schizophrenia: recommendations for their use and their presentation},
	author = {Leucht, S. and Davis, J. M. and Engel, R. R. and Kissling, W. and Kane, J. M.},
	year = {2009},
	month = {02},
	date = {2009-02},
	journal = {Acta Psychiatrica Scandinavica},
	pages = {7--14},
	volume = {119},
	doi = {10.1111/j.1600-0447.2008.01308.x},
	url = {http://dx.doi.org/10.1111/j.1600-0447.2008.01308.x},
	langid = {en}
}

@article{leucht2014,
	title = {Measurements of Response, Remission, and Recovery in Schizophrenia and Examples for Their Clinical Application},
	author = {Leucht, Stefan},
	year = {2014},
	month = {02},
	date = {2014-02},
	journal = {The Journal of Clinical Psychiatry},
	pages = {8--14},
	volume = {75},
	number = {suppl 1},
	doi = {10.4088/jcp.13049su1c.02},
	url = {http://dx.doi.org/10.4088/JCP.13049su1c.02}
}

@article{leamy2011,
	title = {Conceptual framework for personal recovery in mental health: systematic review and narrative synthesis},
	author = {Leamy, Mary and Bird, Victoria and Boutillier, Clair Le and Williams, Julie and Slade, Mike},
	year = {2011},
	month = {12},
	date = {2011-12},
	journal = {British Journal of Psychiatry},
	pages = {445--452},
	volume = {199},
	number = {6},
	doi = {10.1192/bjp.bp.110.083733},
	url = {http://dx.doi.org/10.1192/bjp.bp.110.083733},
	langid = {en}
}

@article{brenner1990,
	title = {At Issue: Defining Treatment Refractoriness in Schizophrenia},
	author = {Brenner, H. D. and Dencker, S. J. and Goldstein, M. J. and Hubbard, J. W. and Keegan, D. L. and Kruger, G. and Kulhanek, F. and Liberman, R. P. and Malm, U. and Midha, K. K.},
	year = {1990},
	month = {01},
	date = {1990-01-01},
	journal = {Schizophrenia Bulletin},
	pages = {551--561},
	volume = {16},
	number = {4},
	doi = {10.1093/schbul/16.4.551},
	url = {http://dx.doi.org/10.1093/schbul/16.4.551},
	langid = {en}
}

@article{brenner1995,
	title = {Definition of therapy-resistant schizophrenia and its assessment},
	author = {Brenner, HD and Merlo, MCG},
	year = {1995},
	date = {1995},
	journal = {European Psychiatry},
	pages = {11s--17s},
	volume = {10},
	number = {S1},
	doi = {10.1016/0767-399x(96)80079-4},
	url = {http://dx.doi.org/10.1016/0767-399x(96)80079-4},
	langid = {en}
}

@article{harrison2001,
	title = {Recovery from psychotic illness: A 15- and 25-year international follow-up study},
	author = {Harrison, G. and Hopper, K. and Craig, T. and Laska, E. and Siegel, C. and Wanderling, J. and Dube, K. C. and Ganev, K. and Giel, R. and Der Heiden, W. An and Holmberg, S. K. and Janca, A. and Lee, P. W. H. and {León}, C. A. and Malhotra, S. and Marsella, A. J. and Nakane, Y. and Sartorius, N. and Shen, Y. and Skoda, C. and Thara, R. and Tsirkin, S. J. and Varma, V. K. and Walsh, D. and Wiersma, D.},
	year = {2001},
	month = {06},
	date = {2001-06},
	journal = {British Journal of Psychiatry},
	pages = {506--517},
	volume = {178},
	number = {6},
	doi = {10.1192/bjp.178.6.506},
	url = {http://dx.doi.org/10.1192/bjp.178.6.506},
	langid = {en}
}

@article{elkis2016,
	title = {Treatment-Resistant Schizophrenia},
	author = {Elkis, Helio and Buckley, Peter F.},
	year = {2016},
	month = {06},
	date = {2016-06},
	journal = {Psychiatric Clinics of North America},
	pages = {239--265},
	volume = {39},
	number = {2},
	doi = {10.1016/j.psc.2016.01.006},
	url = {http://dx.doi.org/10.1016/j.psc.2016.01.006},
	langid = {en}
}

@article{suzuki2011,
	title = {Treatment resistant schizophrenia and response to antipsychotics: A review},
	author = {Suzuki, Takefumi and Remington, Gary and Mulsant, Benoit H. and Rajji, Tarek K. and Uchida, Hiroyuki and Graff-Guerrero, Ariel and Mamo, David C.},
	year = {2011},
	month = {12},
	date = {2011-12},
	journal = {Schizophrenia Research},
	pages = {54--62},
	volume = {133},
	number = {1-3},
	doi = {10.1016/j.schres.2011.09.016},
	url = {http://dx.doi.org/10.1016/j.schres.2011.09.016},
	langid = {en}
}

@article{dold2014,
	title = {Pharmacotherapy of treatment-resistant schizophrenia: a clinical perspective},
	author = {Dold, Markus and Leucht, Stefan},
	year = {2014},
	month = {04},
	date = {2014-04-08},
	journal = {Evidence Based Mental Health},
	pages = {33--37},
	volume = {17},
	number = {2},
	doi = {10.1136/eb-2014-101813},
	url = {http://dx.doi.org/10.1136/eb-2014-101813},
	langid = {en}
}



@article{juarezreyes1995,
	title = {Effects of stringent criteria on eligibility for clozapine among public mental health clients},
	author = {Juarez-Reyes, M. G. and Shumway, M. and Battle, C. and Bacchetti, P. and Hansen, M. S. and Hargreaves, W. A.},
	year = {1995},
	month = {08},
	date = {1995-08},
	journal = {Psychiatric Services (Washington, D.C.)},
	pages = {801--806},
	volume = {46},
	number = {8},
	doi = {10.1176/ps.46.8.801},
	note = {PMID: 7583481},
	langid = {eng}
}

@article{molina2012,
	title = {Evolution of the Concept of Treatment-resistant Schizophrenia: Toward a Reformulation for Lack of an Adequate Response},
	author = {Molina, Juan D. and {Jiménez-González}, Ana B. and {López-Muñoz}, Francisco and {Cañas}, Fernando},
	year = {2012},
	month = {04},
	date = {2012-04},
	journal = {Journal of Experimental & Clinical Medicine},
	pages = {98--102},
	volume = {4},
	number = {2},
	doi = {10.1016/j.jecm.2012.02.003},
	url = {http://dx.doi.org/10.1016/j.jecm.2012.02.003},
	langid = {en}
}

@article{meltzer1992,
	title = {Treatment of the Neuroleptic-Nonresponsive Schizophrenic Patient},
	author = {Meltzer, H. Y.},
	year = {1992},
	month = {01},
	date = {1992-01-01},
	journal = {Schizophrenia Bulletin},
	pages = {515--542},
	volume = {18},
	number = {3},
	doi = {10.1093/schbul/18.3.515},
	url = {http://dx.doi.org/10.1093/schbul/18.3.515},
	langid = {en}
}

@article{mouchlianitis2016,
	title = {Brain-imaging studies of treatment-resistant schizophrenia: a systematic review},
	author = {Mouchlianitis, Elias and McCutcheon, Robert and Howes, Oliver D},
	year = {2016},
	month = {05},
	date = {2016-05},
	journal = {The Lancet Psychiatry},
	pages = {451--463},
	volume = {3},
	number = {5},
	doi = {10.1016/s2215-0366(15)00540-4},
	url = {http://dx.doi.org/10.1016/S2215-0366(15)00540-4},
	langid = {en}
}

@article{howes2014,
	title = {A neurobiological hypothesis for the classification of schizophrenia: type a (hyperdopaminergic) and type B (normodopaminergic)},
	author = {Howes, Oliver D. and Kapur, Shitij},
	year = {2014},
	month = {07},
	date = {2014-07},
	journal = {British Journal of Psychiatry},
	pages = {1--3},
	volume = {205},
	number = {1},
	doi = {10.1192/bjp.bp.113.138578},
	url = {http://dx.doi.org/10.1192/bjp.bp.113.138578},
	langid = {en}
}

@article{gillespie2017,
	title = {Is treatment-resistant schizophrenia categorically distinct from treatment-responsive schizophrenia? a systematic review},
	author = {Gillespie, Amy L. and Samanaite, Ruta and Mill, Jonathan and Egerton, Alice and MacCabe, James H.},
	year = {2017},
	month = {01},
	date = {2017-01-13},
	journal = {BMC Psychiatry},
	volume = {17},
	number = {1},
	doi = {10.1186/s12888-016-1177-y},
	url = {http://dx.doi.org/10.1186/s12888-016-1177-y},
	langid = {en}
}

@article{nucifora2019,
	title = {Treatment resistant schizophrenia: Clinical, biological, and therapeutic perspectives},
	author = {Nucifora, Frederick C. and Woznica, Edgar and Lee, Brian J. and Cascella, Nicola and Sawa, Akira},
	year = {2019},
	month = {11},
	date = {2019-11},
	journal = {Neurobiology of Disease},
	pages = {104257},
	volume = {131},
	doi = {10.1016/j.nbd.2018.08.016},
	url = {http://dx.doi.org/10.1016/j.nbd.2018.08.016},
	langid = {en}
}

@article{radua2018,
	title = {What causes psychosis? An umbrella review of risk and protective factors},
	author = {Radua, Joaquim and Ramella-Cravaro, Valentina and Ioannidis, John P.A. and Reichenberg, Abraham and Phiphopthatsanee, Nacharin and Amir, Taha and Yenn Thoo, Hyi and Oliver, Dominic and Davies, Cathy and Morgan, Craig and McGuire, Philip and Murray, Robin M. and Fusar-Poli, Paolo},
	year = {2018},
	month = {01},
	date = {2018-01-19},
	journal = {World Psychiatry},
	pages = {49--66},
	volume = {17},
	number = {1},
	doi = {10.1002/wps.20490},
	url = {http://dx.doi.org/10.1002/wps.20490},
	langid = {en}
}

@article{crow1985,
	title = {The Two-syndrome Concept: Origins and Current Status},
	author = {Crow, T. J.},
	year = {1985},
	month = {01},
	date = {1985-01-01},
	journal = {Schizophrenia Bulletin},
	pages = {471--488},
	volume = {11},
	number = {3},
	doi = {10.1093/schbul/11.3.471},
	url = {http://dx.doi.org/10.1093/schbul/11.3.471},
	langid = {en}
}

@article{pogue-geile1984,
	title = {Negative and Positive Symptoms in Schizophrenia and Depression: A Followup},
	author = {Pogue-Geile, M. F. and Harrow, M.},
	year = {1984},
	month = {01},
	date = {1984-01-01},
	journal = {Schizophrenia Bulletin},
	pages = {371--387},
	volume = {10},
	number = {3},
	doi = {10.1093/schbul/10.3.371},
	url = {http://dx.doi.org/10.1093/schbul/10.3.371},
	langid = {en}
}



@article{carpenter1988,
	title = {Deficit and nondeficit forms of schizophrenia: the concept},
	author = {Carpenter, W. T. and Heinrichs, D. W. and Wagman, A. M.},
	year = {1988},
	month = {05},
	date = {1988-05},
	journal = {The American Journal of Psychiatry},
	pages = {578--583},
	volume = {145},
	number = {5},
	doi = {10.1176/ajp.145.5.578},
	note = {PMID: 3358462},
	langid = {eng}
}

@article{carpenter2007,
	title = {The Evolution of Drug Development in Schizophrenia: Past Issues and Future Opportunities},
	author = {Carpenter, William T and Koenig, James I},
	year = {2007},
	month = {11},
	date = {2007-11-28},
	journal = {Neuropsychopharmacology},
	pages = {2061--2079},
	volume = {33},
	number = {9},
	doi = {10.1038/sj.npp.1301639},
	url = {http://dx.doi.org/10.1038/sj.npp.1301639},
	langid = {en}
}

@article{assunção-leme2020,
	title = {Is treatment-resistant schizophrenia associated with distinct neurobiological callosal connectivity abnormalities?},
	author = {{Assunção-Leme}, Idaiane Batista and Zugman, {André} and de Moura, Luciana Monteiro and Sato, {João Ricardo} and Higuchi, Cinthia and Ortiz, Bruno Bertolucci and Noto, Cristiano and Ota, Vanessa Kiyomi and Belangero, Sintia Iole and Bressan, Rodrigo A. and Crossley, Nicolas A. and Jackowski, Andrea P. and Gadelha, Ary},
	year = {2020},
	month = {08},
	date = {2020-08-10},
	journal = {CNS Spectrums},
	pages = {545--549},
	volume = {26},
	number = {5},
	doi = {10.1017/s1092852920001753},
	url = {http://dx.doi.org/10.1017/S1092852920001753},
	langid = {en}
}

@article{assunçãoleme2020a,
	title = {Is treatment-resistant schizophrenia associated with distinct neurobiological callosal connectivity abnormalities?},
	author = {{Assunção-Leme}, Idaiane Batista and Zugman, {André} and de Moura, Luciana Monteiro and Sato, {João Ricardo} and Higuchi, Cinthia and Ortiz, Bruno Bertolucci and Noto, Cristiano and Ota, Vanessa Kiyomi and Belangero, Sintia Iole and Bressan, Rodrigo A. and Crossley, Nicolas A. and Jackowski, Andrea P. and Gadelha, Ary},
	year = {2020},
	month = {08},
	date = {2020-08-10},
	journal = {CNS Spectrums},
	pages = {545--549},
	volume = {26},
	number = {5},
	doi = {10.1017/s1092852920001753},
	url = {http://dx.doi.org/10.1017/S1092852920001753},
	langid = {en}
}

@inbook{kraepelin1919,
	title = {Dementia praecox and paraphrenia},
	author = {Kraepelin, Emil},
	year = {1919},
	date = {1919},
	publisher = {Chicago Medical Book Co.},
	edition = {8th},
	url = {https://openlibrary.org/books/OL7130267M/Dementia_praecox_and_paraphrenia.}
}

@article{kolakowska1985,
	title = {Schizophrenia with Good and Poor Outcome},
	author = {Kolakowska, T. and Williams, A. O. and Jambor, K. and Ardern, M.},
	year = {1985},
	month = {04},
	date = {1985-04},
	journal = {British Journal of Psychiatry},
	pages = {348--357},
	volume = {146},
	number = {4},
	doi = {10.1192/bjp.146.4.348},
	url = {http://dx.doi.org/10.1192/bjp.146.4.348},
	langid = {en}
}

@article{demjaha2017,
	title = {Antipsychotic treatment resistance in first-episode psychosis: prevalence, subtypes and predictors},
	author = {Demjaha, A. and Lappin, J. M. and Stahl, D. and Patel, M. X. and MacCabe, J. H. and Howes, O. D. and Heslin, M. and Reininghaus, U. A. and Donoghue, K. and Lomas, B. and Charalambides, M. and Onyejiaka, A. and Fearon, P. and Jones, P. and Doody, G. and Morgan, C. and Dazzan, P. and Murray, R. M.},
	year = {2017},
	month = {04},
	date = {2017-04-11},
	journal = {Psychological Medicine},
	pages = {1981--1989},
	volume = {47},
	number = {11},
	doi = {10.1017/s0033291717000435},
	url = {http://dx.doi.org/10.1017/S0033291717000435},
	langid = {en}
}

@article{emsley2013,
	title = {Comparison of Treatment Response in Second-Episode Versus First-Episode Schizophrenia},
	author = {Emsley, Robin and Oosthuizen, Petrus and Koen, Liezl and Niehaus, Dana and Martinez, Lupe},
	year = {2013},
	month = {02},
	date = {2013-02},
	journal = {Journal of Clinical Psychopharmacology},
	pages = {80--83},
	volume = {33},
	number = {1},
	doi = {10.1097/jcp.0b013e31827bfcc1},
	url = {http://dx.doi.org/10.1097/JCP.0b013e31827bfcc1},
	langid = {en}
}

@article{takeuchi2018,
	title = {Does relapse contribute to treatment resistance? Antipsychotic response in first- vs. second-episode schizophrenia},
	author = {Takeuchi, Hiroyoshi and Siu, Cynthia and Remington, Gary and Fervaha, Gagan and Zipursky, Robert B. and Foussias, George and Agid, Ofer},
	year = {2018},
	month = {11},
	date = {2018-11-22},
	journal = {Neuropsychopharmacology},
	pages = {1036--1042},
	volume = {44},
	number = {6},
	doi = {10.1038/s41386-018-0278-3},
	url = {http://dx.doi.org/10.1038/s41386-018-0278-3},
	langid = {en}
}

@article{lally2017,
	title = {Remission and recovery from first-episode psychosis in adults: systematic review and meta-analysis of long-term outcome studies},
	author = {Lally, John and Ajnakina, Olesya and Stubbs, Brendon and Cullinane, Michael and Murphy, Kieran C. and Gaughran, Fiona and Murray, Robin M.},
	year = {2017},
	month = {12},
	date = {2017-12},
	journal = {British Journal of Psychiatry},
	pages = {350--358},
	volume = {211},
	number = {6},
	doi = {10.1192/bjp.bp.117.201475},
	url = {http://dx.doi.org/10.1192/bjp.bp.117.201475},
	langid = {en}
}

@article{meltzer1997,
	title = {Treatment-Resistant Schizophrenia - The Role of Clozapine},
	author = {Meltzer, Herbert Y.},
	year = {1997},
	month = {01},
	date = {1997-01},
	journal = {Current Medical Research and Opinion},
	pages = {1--20},
	volume = {14},
	number = {1},
	doi = {10.1185/03007999709113338},
	url = {http://dx.doi.org/10.1185/03007999709113338},
	langid = {en}
}

@article{lieberman1993,
	title = {Time Course and Biologic Correlates of Treatment Response in First-Episode Schizophrenia},
	author = {Lieberman, Jeffrey},
	year = {1993},
	month = {05},
	date = {1993-05-01},
	journal = {Archives of General Psychiatry},
	pages = {369},
	volume = {50},
	number = {5},
	doi = {10.1001/archpsyc.1993.01820170047006},
	url = {http://dx.doi.org/10.1001/archpsyc.1993.01820170047006},
	langid = {en}
}

@article{sheitman1997,
	title = {The Evaluation and Treatment of First-episode Psychosis},
	author = {Sheitman, B. B. and Lieberman, J. A. and Lee, H. and Strauss, R.},
	year = {1997},
	month = {01},
	date = {1997-01-01},
	journal = {Schizophrenia Bulletin},
	pages = {653--661},
	volume = {23},
	number = {4},
	doi = {10.1093/schbul/23.4.653},
	url = {http://dx.doi.org/10.1093/schbul/23.4.653},
	langid = {en}
}

@article{suzuki2015,
	title = {Dopamine supersensitivity psychosis as a pivotal factor in treatment-resistant schizophrenia},
	author = {Suzuki, Tomotaka and Kanahara, Nobuhisa and Yamanaka, Hiroshi and Takase, Masayuki and Kimura, Hiroshi and Watanabe, Hiroyuki and Iyo, Masaomi},
	year = {2015},
	month = {06},
	date = {2015-06},
	journal = {Psychiatry Research},
	pages = {278--282},
	volume = {227},
	number = {2-3},
	doi = {10.1016/j.psychres.2015.02.021},
	url = {http://dx.doi.org/10.1016/j.psychres.2015.02.021},
	langid = {en}
}

@article{sustaine1987,
	title = {Sustained remission in drug-free schizophrenic patients},
	year = {1987},
	month = {10},
	date = {1987-10},
	journal = {American Journal of Psychiatry},
	pages = {1306--1309},
	volume = {144},
	number = {10},
	doi = {10.1176/ajp.144.10.1306},
	url = {http://dx.doi.org/10.1176/ajp.144.10.1306},
	langid = {en}
}

@article{graff-guerrero2015,
	title = {Evaluation of Antipsychotic Dose Reduction in Late-Life Schizophrenia},
	author = {Graff-Guerrero, Ariel and Rajji, Tarek K. and Mulsant, Benoit H. and Nakajima, Shinichiro and Caravaggio, Fernando and Suzuki, Takefumi and Uchida, Hiroyuki and Gerretsen, Philip and Mar, Wanna and Pollock, Bruce G. and Mamo, David C.},
	year = {2015},
	month = {09},
	date = {2015-09-01},
	journal = {JAMA Psychiatry},
	pages = {927},
	volume = {72},
	number = {9},
	doi = {10.1001/jamapsychiatry.2015.0891},
	url = {http://dx.doi.org/10.1001/jamapsychiatry.2015.0891},
	langid = {en}
}

@article{dreher2008,
	title = {Age-related changes in midbrain dopaminergic regulation of the human reward system},
	author = {Dreher, Jean-Claude and Meyer-Lindenberg, Andreas and Kohn, Philip and Berman, Karen Faith},
	year = {2008},
	month = {09},
	date = {2008-09-30},
	journal = {Proceedings of the National Academy of Sciences},
	pages = {15106--15111},
	volume = {105},
	number = {39},
	doi = {10.1073/pnas.0802127105},
	url = {http://dx.doi.org/10.1073/pnas.0802127105},
	langid = {en}
}

@article{demjaha2014,
	title = {Antipsychotic Treatment Resistance in Schizophrenia Associated with Elevated Glutamate Levels but Normal Dopamine Function},
	author = {Demjaha, Arsime and Egerton, Alice and Murray, Robin M. and Kapur, Shitij and Howes, Oliver D. and Stone, James M. and McGuire, Philip K.},
	year = {2014},
	month = {03},
	date = {2014-03},
	journal = {Biological Psychiatry},
	pages = {e11--e13},
	volume = {75},
	number = {5},
	doi = {10.1016/j.biopsych.2013.06.011},
	url = {http://dx.doi.org/10.1016/j.biopsych.2013.06.011},
	langid = {en}
}

@article{samaha2007,
	title = {{"}Breakthrough{"} Dopamine Supersensitivity during Ongoing Antipsychotic Treatment Leads to Treatment Failure over Time},
	author = {Samaha, A.-N. and Seeman, P. and Stewart, J. and Rajabi, H. and Kapur, S.},
	year = {2007},
	month = {03},
	date = {2007-03-14},
	journal = {Journal of Neuroscience},
	pages = {2979--2986},
	volume = {27},
	number = {11},
	doi = {10.1523/jneurosci.5416-06.2007},
	url = {http://dx.doi.org/10.1523/JNEUROSCI.5416-06.2007},
	langid = {en}
}

@article{ginovart2008,
	title = {D2-Receptor Upregulation is Dependent upon Temporal Course of D2-Occupancy: A Longitudinal [11C]-Raclopride PET Study in Cats},
	author = {Ginovart, Nathalie and Wilson, Alan A and Hussey, Doug and Houle, Sylvain and Kapur, Shitij},
	year = {2008},
	month = {08},
	date = {2008-08-06},
	journal = {Neuropsychopharmacology},
	pages = {662--671},
	volume = {34},
	number = {3},
	doi = {10.1038/npp.2008.116},
	url = {http://dx.doi.org/10.1038/npp.2008.116},
	langid = {en}
}

@article{kimura2014,
	title = {A prospective comparative study of risperidone long-acting injectable for treatment-resistant schizophrenia with dopamine supersensitivity psychosis},
	author = {Kimura, Hiroshi and Kanahara, Nobuhisa and Komatsu, Naoya and Ishige, Minoru and Muneoka, Katsumasa and Yoshimura, Masayuki and Yamanaka, Hiroshi and Suzuki, Tomotaka and Komatsu, Hideki and Sasaki, Tsuyoshi and Hashimoto, Tasuku and Hasegawa, Tadashi and Shiina, Akihiro and Ishikawa, Masatomo and Sekine, Yoshimoto and Shiraishi, Tetsuya and Watanabe, Hiroyuki and Shimizu, Eiji and Hashimoto, Kenji and Iyo, Masaomi},
	year = {2014},
	month = {05},
	date = {2014-05},
	journal = {Schizophrenia Research},
	pages = {52--58},
	volume = {155},
	number = {1-3},
	doi = {10.1016/j.schres.2014.02.022},
	url = {http://dx.doi.org/10.1016/j.schres.2014.02.022},
	langid = {en}
}

@article{demjaha2012,
	title = {Dopamine Synthesis Capacity in Patients With Treatment-Resistant Schizophrenia},
	author = {Demjaha, Arsime and Murray, Robin M. and McGuire, Philip K. and Kapur, Shitij and Howes, Oliver D.},
	year = {2012},
	month = {11},
	date = {2012-11},
	journal = {American Journal of Psychiatry},
	pages = {1203--1210},
	volume = {169},
	number = {11},
	doi = {10.1176/appi.ajp.2012.12010144},
	url = {http://dx.doi.org/10.1176/appi.ajp.2012.12010144},
	langid = {en}
}

@article{kim2016,
	title = {Presynaptic Dopamine Capacity in Patients with Treatment-Resistant Schizophrenia Taking Clozapine: An [18F]DOPA PET Study},
	author = {Kim, Euitae and Howes, Oliver D and Veronese, Mattia and Beck, Katherine and Seo, Seongho and Park, Jin Woo and Lee, Jae Sung and Lee, Yun-Sang and Kwon, Jun Soo},
	year = {2016},
	month = {11},
	date = {2016-11-18},
	journal = {Neuropsychopharmacology},
	pages = {941--950},
	volume = {42},
	number = {4},
	doi = {10.1038/npp.2016.258},
	url = {http://dx.doi.org/10.1038/npp.2016.258},
	langid = {en}
}

@article{kim2018,
	title = {Frontostriatal functional connectivity and striatal dopamine synthesis capacity in schizophrenia in terms of antipsychotic responsiveness: an [{\textsuperscript{18}}F]DOPA PET and fMRI study},
	author = {Kim, Seoyoung and Jung, Wi Hoon and Howes, Oliver D. and Veronese, Mattia and Turkheimer, Federico E. and Lee, Yun-Sang and Lee, Jae Sung and Kim, Euitae and Kwon, Jun Soo},
	year = {2018},
	month = {11},
	date = {2018-11-21},
	journal = {Psychological Medicine},
	pages = {2533--2542},
	volume = {49},
	number = {15},
	doi = {10.1017/s0033291718003471},
	url = {http://dx.doi.org/10.1017/S0033291718003471},
	langid = {en}
}

@article{jauhar2018,
	title = {Determinants of treatment response in first-episode psychosis: an 18F-DOPA PET study},
	author = {Jauhar, Sameer and Veronese, Mattia and Nour, Matthew M and Rogdaki, Maria and Hathway, Pamela and Turkheimer, Federico E. and Stone, James and Egerton, Alice and McGuire, Philip and Kapur, Shitij and Howes, Oliver D},
	year = {2018},
	month = {04},
	date = {2018-04-20},
	journal = {Molecular Psychiatry},
	pages = {1502--1512},
	volume = {24},
	number = {10},
	doi = {10.1038/s41380-018-0042-4},
	url = {http://dx.doi.org/10.1038/s41380-018-0042-4},
	langid = {en}
}

@article{bilic2014,
	title = {Treatment-resistant schizophrenia and DAT and SERT polymorphisms},
	author = {Bilic, Petar and Jukic, Vlado and Vilibic, Maja and Savic, Aleksandar and Bozina, Nada},
	year = {2014},
	month = {06},
	date = {2014-06},
	journal = {Gene},
	pages = {125--132},
	volume = {543},
	number = {1},
	doi = {10.1016/j.gene.2014.03.050},
	url = {http://dx.doi.org/10.1016/j.gene.2014.03.050},
	langid = {en}
}

@article{sagud2018,
	title = {Haplotypic and Genotypic Association of Catechol-O-Methyltransferase rs4680 and rs4818 Polymorphisms and Treatment Resistance in Schizophrenia},
	author = {Sagud, Marina and Tudor, Lucija and Uzun, Suzana and Perkovic, Matea Nikolac and Zivkovic, Maja and Konjevod, Marcela and Kozumplik, Oliver and Vuksan Cusa, Bjanka and Svob Strac, Dubravka and Rados, Iva and Mimica, Ninoslav and Mihaljevic Peles, Alma and Nedic Erjavec, Gordana and Pivac, Nela},
	year = {2018},
	month = {07},
	date = {2018-07-03},
	journal = {Frontiers in Pharmacology},
	volume = {9},
	doi = {10.3389/fphar.2018.00705},
	url = {http://dx.doi.org/10.3389/fphar.2018.00705}
}

@article{ruderfer2016,
	title = {Polygenic overlap between schizophrenia risk and antipsychotic response: a genomic medicine approach},
	author = {Ruderfer, Douglas M and Charney, Alexander W and Readhead, Ben and Kidd, Brian A and {Kähler}, Anna K and Kenny, Paul J and Keiser, Michael J and Moran, Jennifer L and Hultman, Christina M and Scott, Stuart A and Sullivan, Patrick F and Purcell, Shaun M and Dudley, Joel T and Sklar, Pamela},
	year = {2016},
	month = {04},
	date = {2016-04},
	journal = {The Lancet Psychiatry},
	pages = {350--357},
	volume = {3},
	number = {4},
	doi = {10.1016/s2215-0366(15)00553-2},
	url = {http://dx.doi.org/10.1016/S2215-0366(15)00553-2},
	langid = {en}
}

@article{mouchlianitis2015,
	title = {Treatment-Resistant Schizophrenia Patients Show Elevated Anterior Cingulate Cortex Glutamate Compared to Treatment-Responsive},
	author = {Mouchlianitis, Elias and Bloomfield, Michael A. P. and Law, Vincent and Beck, Katherine and Selvaraj, Sudhakar and Rasquinha, Naresh and Waldman, Adam and Turkheimer, Federico E. and Egerton, Alice and Stone, James and Howes, Oliver D.},
	year = {2015},
	month = {12},
	date = {2015-12-17},
	journal = {Schizophrenia Bulletin},
	pages = {744--752},
	volume = {42},
	number = {3},
	doi = {10.1093/schbul/sbv151},
	url = {http://dx.doi.org/10.1093/schbul/sbv151},
	langid = {en}
}

@article{goldstein2015,
	title = {Glutamatergic Neurometabolites in Clozapine-Responsive and -Resistant Schizophrenia},
	author = {Goldstein, M. E. and Anderson, V. M. and Pillai, A. and Kydd, R. R. and Russell, B. R.},
	year = {2015},
	month = {01},
	date = {2015-01-20},
	journal = {International Journal of Neuropsychopharmacology},
	pages = {pyu117--pyu117},
	volume = {18},
	number = {6},
	doi = {10.1093/ijnp/pyu117},
	url = {http://dx.doi.org/10.1093/ijnp/pyu117},
	langid = {en}
}

@article{zugman2013,
	title = {Reduced dorso-lateral prefrontal cortex in treatment resistant schizophrenia},
	author = {Zugman, {André} and Gadelha, Ary and {Assunção}, Idaiane and Sato, {João} and Ota, Vanessa K. and Rocha, Deyvis L. and Mari, Jair J. and Belangero, Sintia I. and Bressan, Rodrigo A. and Brietzke, Elisa and Jackowski, Andrea P.},
	year = {2013},
	month = {08},
	date = {2013-08},
	journal = {Schizophrenia Research},
	pages = {81--86},
	volume = {148},
	number = {1-3},
	doi = {10.1016/j.schres.2013.05.002},
	url = {http://dx.doi.org/10.1016/j.schres.2013.05.002},
	langid = {en}
}

@article{nakajima2015,
	title = {Neuroimaging findings in treatment-resistant schizophrenia: A systematic review},
	author = {Nakajima, Shinichiro and Takeuchi, Hiroyoshi and Plitman, Eric and Fervaha, Gagan and Gerretsen, Philip and Caravaggio, Fernando and Chung, Jun Ku and Iwata, Yusuke and Remington, Gary and Graff-Guerrero, Ariel},
	year = {2015},
	month = {05},
	date = {2015-05},
	journal = {Schizophrenia Research},
	pages = {164--175},
	volume = {164},
	number = {1-3},
	doi = {10.1016/j.schres.2015.01.043},
	url = {http://dx.doi.org/10.1016/j.schres.2015.01.043},
	langid = {en}
}

@article{buckley2001,
	title = {Treatment-refractory schizophrenia},
	author = {Buckley, Peter F. and Wiggins, Lisa D. and Sebastian, Simon and Singer, Beth},
	year = {2001},
	month = {10},
	date = {2001-10},
	journal = {Current Psychiatry Reports},
	pages = {393--400},
	volume = {3},
	number = {5},
	doi = {10.1007/s11920-996-0033-z},
	url = {http://dx.doi.org/10.1007/s11920-996-0033-z},
	langid = {en}
}

@article{bromet1992,
	title = {The Epidemiology of Psychosis: The Suffolk County Mental Health Project},
	author = {Bromet, E. J. and Schwartz, J. E. and Fennig, S. and Geller, L. and Jandorf, L. and Kovasznay, B. and Lavelle, J. and Miller, A. and Pato, C. and Ram, R. and Rich, C.},
	year = {1992},
	month = {01},
	date = {1992-01-01},
	journal = {Schizophrenia Bulletin},
	pages = {243--255},
	volume = {18},
	number = {2},
	doi = {10.1093/schbul/18.2.243},
	url = {http://dx.doi.org/10.1093/schbul/18.2.243},
	langid = {en}
}

@article{onehund1994,
	title = {One hundred years of schizophrenia: a meta-analysis of the outcome literature},
	year = {1994},
	month = {10},
	date = {1994-10},
	journal = {American Journal of Psychiatry},
	pages = {1409--1416},
	volume = {151},
	number = {10},
	doi = {10.1176/ajp.151.10.1409},
	url = {http://dx.doi.org/10.1176/ajp.151.10.1409},
	langid = {en}
}

@article{conus2017,
	title = {Rates and predictors of 18-months remission in an epidemiological cohort of 661 patients with first-episode psychosis},
	author = {Conus, Philippe and Cotton, Sue and Schimmelmann, Benno G. and McGorry, Patrick D. and Lambert, Martin},
	year = {2017},
	month = {09},
	date = {2017-09},
	journal = {Social Psychiatry and Psychiatric Epidemiology},
	pages = {1089--1099},
	volume = {52},
	number = {9},
	doi = {10.1007/s00127-017-1388-7},
	url = {http://link.springer.com/10.1007/s00127-017-1388-7},
	langid = {en}
}

@article{wiersma1998,
	title = {Natural Course of Schizophrenic Disorders: A 15-Year Followup of a Dutch Incidence Cohort},
	author = {Wiersma, D. and Nienhuis, F. J. and Slooff, C. J. and Giel, R.},
	year = {1998},
	month = {01},
	date = {1998-01-01},
	journal = {Schizophrenia Bulletin},
	pages = {75--85},
	volume = {24},
	number = {1},
	doi = {10.1093/oxfordjournals.schbul.a033315},
	url = {http://dx.doi.org/10.1093/oxfordjournals.schbul.a033315},
	langid = {en}
}

@article{leff1992,
	title = {The International Pilot Study of Schizophrenia: five-year follow-up findings},
	author = {Leff, J. and Sartorius, N. and Jablensky, A. and Korten, A. and Ernberg, G.},
	year = {1992},
	month = {02},
	date = {1992-02},
	journal = {Psychological Medicine},
	pages = {131--145},
	volume = {22},
	number = {1},
	doi = {10.1017/s0033291700032797},
	url = {http://dx.doi.org/10.1017/s0033291700032797},
	langid = {en}
}

@article{lauronen2005,
	title = {Recovery From Schizophrenic Psychoses Within the Northern Finland 1966 Birth Cohort},
	author = {Lauronen, Erika and Koskinen, Johanna and Veijola, Juha and Miettunen, Jouko and Jones, Peter B. and Fenton, Wayne S. and Isohanni, Matti},
	year = {2005},
	month = {03},
	date = {2005-03-15},
	journal = {The Journal of Clinical Psychiatry},
	pages = {375--383},
	volume = {66},
	number = {03},
	doi = {10.4088/jcp.v66n0315},
	url = {http://dx.doi.org/10.4088/jcp.v66n0315}
}

@article{torgalsbøen1998,
	title = {{\textquotedblleft}Full Recovery{\textquotedblright} from Schizophrenia in the Long Term: A Ten-Year Follow-Up of Eight Former Schizophrenic Patients},
	author = {{Torgalsbøen}, Anne-Kari and Rund, {Bjørn Rishovd}},
	year = {1998},
	month = {02},
	date = {1998-02},
	journal = {Psychiatry},
	pages = {20--34},
	volume = {61},
	number = {1},
	doi = {10.1080/00332747.1998.11024816},
	url = {http://dx.doi.org/10.1080/00332747.1998.11024816},
	langid = {en}
}

@article{samara2018,
	title = {How Many Patients With Schizophrenia Do Not Respond to Antipsychotic Drugs in the Short Term? An Analysis Based on Individual Patient Data From Randomized Controlled Trials},
	author = {Samara, Myrto T and Nikolakopoulou, Adriani and Salanti, Georgia and Leucht, Stefan},
	year = {2018},
	month = {07},
	date = {2018-07-02},
	journal = {Schizophrenia Bulletin},
	pages = {639--646},
	volume = {45},
	number = {3},
	doi = {10.1093/schbul/sby095},
	url = {http://dx.doi.org/10.1093/schbul/sby095},
	langid = {en}
}

@article{beck2019,
	title = {Prevalence of treatment-resistant psychoses in the community: A naturalistic study},
	author = {Beck, Katherine and McCutcheon, Robert and Stephenson, Lucy and Schilderman, Marcela and Patel, Natasha and Ramsay, Rosalind and Howes, Oliver D},
	year = {2019},
	month = {06},
	date = {2019-06-26},
	journal = {Journal of Psychopharmacology},
	pages = {1248--1253},
	volume = {33},
	number = {10},
	doi = {10.1177/0269881119855995},
	url = {http://dx.doi.org/10.1177/0269881119855995},
	langid = {en}
}

@article{demjaha2017a,
	title = {Antipsychotic treatment resistance in first-episode psychosis: prevalence, subtypes and predictors},
	author = {Demjaha, A. and Lappin, J. M. and Stahl, D. and Patel, M. X. and MacCabe, J. H. and Howes, O. D. and Heslin, M. and Reininghaus, U. A. and Donoghue, K. and Lomas, B. and Charalambides, M. and Onyejiaka, A. and Fearon, P. and Jones, P. and Doody, G. and Morgan, C. and Dazzan, P. and Murray, R. M.},
	year = {2017},
	month = {04},
	date = {2017-04-11},
	journal = {Psychological Medicine},
	pages = {1981--1989},
	volume = {47},
	number = {11},
	doi = {10.1017/s0033291717000435},
	url = {http://dx.doi.org/10.1017/S0033291717000435},
	langid = {en}
}

@article{wimberley2016,
	title = {Predictors of treatment resistance in patients with schizophrenia: a population-based cohort study},
	author = {Wimberley, Theresa and {Støvring}, Henrik and {Sørensen}, Holger J and Horsdal, Henriette T and MacCabe, James H and Gasse, Christiane},
	year = {2016},
	month = {04},
	date = {2016-04},
	journal = {The Lancet Psychiatry},
	pages = {358--366},
	volume = {3},
	number = {4},
	doi = {10.1016/s2215-0366(15)00575-1},
	url = {http://dx.doi.org/10.1016/S2215-0366(15)00575-1},
	langid = {en}
}

@book{remington2018,
	title = {Ultra-treatment resistance},
	author = {Remington, Gary and Agid, Ofer and Takeuchi, Hiroyoshi and Lee, Jimmy and Chintoh, Araba},
	year = {2018},
	month = {10},
	date = {2018-10},
	publisher = {Oxford University Press},
	doi = {10.1093/med/9780198828761.003.0012},
	url = {http://dx.doi.org/10.1093/med/9780198828761.003.0012}
}

@article{leung2019,
	title = {Clinical Course, Neurobiology and Therapeutic Approaches to Treatment Resistant Schizophrenia. Toward an Integrated View},
	author = {Leung, Cheryl Cheuk-Yan and Gadelrab, Romayne and Ntephe, Chukwuma Uchenna and McGuire, Philip K. and Demjaha, Arsime},
	year = {2019},
	month = {09},
	date = {2019-09-03},
	journal = {Frontiers in Psychiatry},
	volume = {10},
	doi = {10.3389/fpsyt.2019.00601},
	url = {http://dx.doi.org/10.3389/fpsyt.2019.00601}
}

@article{ascher-svanum2008,
	title = {Clinical, Functional, and Economic Ramifications of Early Nonresponse to Antipsychotics in the Naturalistic Treatment of Schizophrenia},
	author = {Ascher-Svanum, H. and Nyhuis, A. W. and Faries, D. E. and Kinon, B. J. and Baker, R. W. and Shekhar, A.},
	year = {2008},
	month = {08},
	date = {2008-08-20},
	journal = {Schizophrenia Bulletin},
	pages = {1163--1171},
	volume = {34},
	number = {6},
	doi = {10.1093/schbul/sbm134},
	url = {http://dx.doi.org/10.1093/schbul/sbm134},
	langid = {en}
}

@article{iasevoli2016,
	title = {Treatment resistant schizophrenia is associated with the worst community functioning among severely-ill highly-disabling psychiatric conditions and is the most relevant predictor of poorer achievements in functional milestones},
	author = {Iasevoli, Felice and Giordano, Sara and Balletta, Raffaele and Latte, Gianmarco and Formato, Maria Vittoria and Prinzivalli, Emiliano and De Berardis, Domenico and Tomasetti, Carmine and de Bartolomeis, Andrea},
	year = {2016},
	month = {02},
	date = {2016-02},
	journal = {Progress in Neuro-Psychopharmacology and Biological Psychiatry},
	pages = {34--48},
	volume = {65},
	doi = {10.1016/j.pnpbp.2015.08.010},
	url = {http://dx.doi.org/10.1016/j.pnpbp.2015.08.010},
	langid = {en}
}

@article{hill2013,
	title = {The relationship between internalized stigma, negative symptoms and social functioning in schizophrenia: The mediating role of self-efficacy},
	author = {Hill, Kimberley and Startup, Mike},
	year = {2013},
	month = {04},
	date = {2013-04},
	journal = {Psychiatry Research},
	pages = {151--157},
	volume = {206},
	number = {2-3},
	doi = {10.1016/j.psychres.2012.09.056},
	url = {http://dx.doi.org/10.1016/j.psychres.2012.09.056},
	langid = {en}
}

@article{chan2017,
	title = {Relationship between neurocognitive function and clinical symptoms with self-stigma in patients with schizophrenia-spectrum disorders},
	author = {Chan, Sherry Kit Wa and Kao, Shiao Yan Sharon and Leung, Shing Lam and Hui, Christy Lai Ming and Lee, Edwin Ho Ming and Chang, Wing Chung and Chen, Eric Yu Hai},
	year = {2017},
	month = {06},
	date = {2017-06-23},
	journal = {Journal of Mental Health},
	pages = {583--588},
	volume = {28},
	number = {6},
	doi = {10.1080/09638237.2017.1340599},
	url = {http://dx.doi.org/10.1080/09638237.2017.1340599},
	langid = {en}
}

@book{torrey1988,
	title = {Care of the Seriously Mentally Ill: A Rating of State Programs},
	author = {Torrey, Edwin Fuller},
	year = {1988},
	date = {1988},
	publisher = {Public Citizen Health Research Group},
	note = {Google-Books-ID: {\_}JMTPwAACAAJ},
	langid = {en}
}

@article{nielsen2009,
	title = {Psychiatrists{\textquoteright} attitude towards and knowledge of clozapine treatment},
	author = {Nielsen, J. and Dahm, M. and Lublin, H. and Taylor, D.},
	year = {2009},
	month = {01},
	date = {2009-01-22},
	journal = {Journal of Psychopharmacology},
	pages = {965--971},
	volume = {24},
	number = {7},
	doi = {10.1177/0269881108100320},
	url = {http://dx.doi.org/10.1177/0269881108100320},
	langid = {en}
}

@article{koutra2014,
	title = {Family functioning in first-episode psychosis: a systematic review of the literature},
	author = {Koutra, Katerina and Vgontzas, Alexandros N. and Lionis, Christos and Triliva, Sofia},
	year = {2014},
	month = {01},
	date = {2014-01-10},
	journal = {Social Psychiatry and Psychiatric Epidemiology},
	pages = {1023--1036},
	volume = {49},
	number = {7},
	doi = {10.1007/s00127-013-0816-6},
	url = {http://dx.doi.org/10.1007/s00127-013-0816-6},
	langid = {en}
}
