
@article{mccutcheon2017,
	title = {Antipsychotic plasma levels in the assessment of poor treatment response in schizophrenia},
	author = {McCutcheon, R. and Beck, K. and {D'Ambrosio}, E. and Donocik, J. and Gobjila, C. and Jauhar, S. and Kaar, S. and Pillinger, T. and Reis Marques, T. and Rogdaki, M. and Howes, O. D.},
	year = {2017},
	month = {10},
	date = {2017-10-26},
	journal = {Acta Psychiatrica Scandinavica},
	pages = {39--46},
	volume = {137},
	number = {1},
	doi = {10.1111/acps.12825},
	url = {http://dx.doi.org/10.1111/acps.12825},
	langid = {en}
}

@article{tait2003,
	title = {Predicting engagement with services for psychosis: insight, symptoms and recovery style},
	author = {Tait, Lynda and Birchwood, Max and Trower, Peter},
	year = {2003},
	month = {02},
	date = {2003-02},
	journal = {British Journal of Psychiatry},
	pages = {123--128},
	volume = {182},
	number = {2},
	doi = {10.1192/bjp.182.2.123},
	url = {http://dx.doi.org/10.1192/bjp.182.2.123},
	langid = {en}
}

@article{myin-germeys2005,
	title = {Behavioural sensitization to daily life stress in psychosis},
	author = {MYIN-GERMEYS, I. and DELESPAUL, PH. and VAN OS, J.},
	year = {2005},
	month = {05},
	date = {2005-05},
	journal = {Psychological Medicine},
	pages = {733--741},
	volume = {35},
	number = {5},
	doi = {10.1017/s0033291704004179},
	url = {http://dx.doi.org/10.1017/s0033291704004179},
	langid = {en}
}

@article{theimpo1996,
	title = {The importance of ward atmosphere in inpatient treatment of schizophrenia on short-term units},
	year = {1996},
	month = {07},
	date = {1996-07},
	journal = {Psychiatric Services},
	pages = {721--726},
	volume = {47},
	number = {7},
	doi = {10.1176/ps.47.7.721},
	url = {http://dx.doi.org/10.1176/ps.47.7.721},
	langid = {en}
}

@article{vaughn1984,
	title = {Family Factors in Schizophrenic Relapse},
	author = {Vaughn, Christine E.},
	year = {1984},
	month = {12},
	date = {1984-12-01},
	journal = {Archives of General Psychiatry},
	pages = {1169},
	volume = {41},
	number = {12},
	doi = {10.1001/archpsyc.1984.01790230055009},
	url = {http://dx.doi.org/10.1001/archpsyc.1984.01790230055009},
	langid = {en}
}

@article{goldstein1982,
	title = {Family Factors in the Onset, Course, and Treatment of Schizophrenic Spectrum Disorders},
	author = {GOLDSTEIN, MICHAEL J. and DOANE, JERI A.},
	year = {1982},
	month = {11},
	date = {1982-11},
	journal = {The Journal of Nervous and Mental Disease},
	pages = {692--700},
	volume = {170},
	number = {11},
	doi = {10.1097/00005053-198211000-00009},
	url = {http://dx.doi.org/10.1097/00005053-198211000-00009},
	langid = {en}
}

@article{tlhowe2017,
	title = {Strengths of families to limit relapse in mentally ill family members},
	author = {Tlhowe, Tlhalefi T. and du Plessis, Emmerentia and Koen, Magdalene P.},
	year = {2017},
	month = {12},
	date = {2017-12},
	journal = {Health SA Gesondheid},
	pages = {28--35},
	volume = {22},
	doi = {10.1016/j.hsag.2016.09.003},
	url = {http://dx.doi.org/10.1016/j.hsag.2016.09.003},
	langid = {en}
}

@article{agid2003,
	title = {Delayed-Onset Hypothesis of Antipsychotic Action},
	author = {Agid, Ofer and Kapur, Shitij and Arenovich, Tamara and Zipursky, Robert B.},
	year = {2003},
	month = {12},
	date = {2003-12-01},
	journal = {Archives of General Psychiatry},
	pages = {1228},
	volume = {60},
	number = {12},
	doi = {10.1001/archpsyc.60.12.1228},
	url = {http://dx.doi.org/10.1001/archpsyc.60.12.1228},
	langid = {en}
}

@article{leucht2005,
	title = {Early-Onset Hypothesis of Antipsychotic Drug Action: A Hypothesis Tested, Confirmed and Extended},
	author = {Leucht, Stefan and Busch, Raymonde and Hamann, Johannes and Kissling, Werner and Kane, John M.},
	year = {2005},
	month = {06},
	date = {2005-06},
	journal = {Biological Psychiatry},
	pages = {1543--1549},
	volume = {57},
	number = {12},
	doi = {10.1016/j.biopsych.2005.02.023},
	url = {http://dx.doi.org/10.1016/j.biopsych.2005.02.023},
	langid = {en}
}

@article{suzuki2011,
	title = {Treatment resistant schizophrenia and response to antipsychotics: A review},
	author = {Suzuki, Takefumi and Remington, Gary and Mulsant, Benoit H. and Rajji, Tarek K. and Uchida, Hiroyuki and Graff-Guerrero, Ariel and Mamo, David C.},
	year = {2011},
	month = {12},
	date = {2011-12},
	journal = {Schizophrenia Research},
	pages = {54--62},
	volume = {133},
	number = {1-3},
	doi = {10.1016/j.schres.2011.09.016},
	url = {http://dx.doi.org/10.1016/j.schres.2011.09.016},
	langid = {en}
}

@article{samara2015,
	title = {Early Improvement As a Predictor of Later Response to Antipsychotics in Schizophrenia: A Diagnostic Test Review},
	author = {Samara, Myrto T. and Leucht, Claudia and Leeflang, Mariska M. and Anghelescu, Ion-George and Chung, Young-Chul and Crespo-Facorro, Benedicto and Elkis, Helio and Hatta, Kotaro and Giegling, Ina and Kane, John M. and Kayo, Monica and Lambert, Martin and Lin, Ching-Hua and {Möller}, {Hans-Jürgen} and {Pelayo-Terán}, {José María} and Riedel, Michael and Rujescu, Dan and Schimmelmann, Benno G. and Serretti, Alessandro and Correll, Christoph U. and Leucht, Stefan},
	year = {2015},
	month = {07},
	date = {2015-07},
	journal = {American Journal of Psychiatry},
	pages = {617--629},
	volume = {172},
	number = {7},
	doi = {10.1176/appi.ajp.2015.14101329},
	url = {http://dx.doi.org/10.1176/appi.ajp.2015.14101329},
	langid = {en}
}

@article{emsley2008,
	title = {Predictors of long-term outcome in schizophrenia},
	author = {Emsley, Robin and Chiliza, Bonginkosi and Schoeman, Renata},
	year = {2008},
	month = {03},
	date = {2008-03},
	journal = {Current Opinion in Psychiatry},
	pages = {173--177},
	volume = {21},
	number = {2},
	doi = {10.1097/yco.0b013e3282f33f76},
	url = {http://dx.doi.org/10.1097/YCO.0b013e3282f33f76},
	langid = {en}
}

@article{lehrer2014,
	title = {Anosognosia in schizophrenia: hidden in plain sight},
	author = {Lehrer, Douglas S. and Lorenz, Jennifer},
	year = {2014},
	month = {05},
	date = {2014-05},
	journal = {Innovations in Clinical Neuroscience},
	pages = {10--17},
	volume = {11},
	number = {5-6},
	note = {PMID: 25152841
PMCID: PMC4140620},
	langid = {eng}
}

@article{kemp1995,
	title = {Insight in schizophrenia and its relationship to psychopathology},
	author = {Kemp, Roisin A. and Lambert, Timothy J.R.},
	year = {1995},
	month = {12},
	date = {1995-12},
	journal = {Schizophrenia Research},
	pages = {21--28},
	volume = {18},
	number = {1},
	doi = {10.1016/0920-9964(95)00018-6},
	url = {http://dx.doi.org/10.1016/0920-9964(95)00018-6},
	langid = {en}
}

@article{kane1988,
	title = {Clozapine for the treatment-resistant schizophrenic. A double-blind comparison with chlorpromazine},
	author = {Kane, J. and Honigfeld, G. and Singer, J. and Meltzer, H.},
	year = {1988},
	month = {09},
	date = {1988-09},
	journal = {Archives of General Psychiatry},
	pages = {789--796},
	volume = {45},
	number = {9},
	doi = {10.1001/archpsyc.1988.01800330013001},
	note = {PMID: 3046553},
	langid = {eng}
}

@article{bobes2009,
	title = {Recovery from schizophrenia: Results from a 1-year follow-up observational study of patients in symptomatic remission},
	author = {Bobes, Julio and Ciudad, Antonio and {Álvarez}, Enric and San, Luis and Polavieja, Pepa and Gilaberte, Inmaculada},
	year = {2009},
	month = {11},
	date = {2009-11},
	journal = {Schizophrenia Research},
	pages = {58--66},
	volume = {115},
	number = {1},
	doi = {10.1016/j.schres.2009.07.003},
	url = {http://dx.doi.org/10.1016/j.schres.2009.07.003},
	langid = {en}
}

@article{crumlish2009,
	title = {Beyond the critical period: longitudinal study of 8-year outcome in first-episode non-affective psychosis},
	author = {Crumlish, Niall and Whitty, Peter and Clarke, Mary and Browne, Stephen and Kamali, Moayyad and Gervin, Maurice and McTigue, Orfhlaith and Kinsella, Anthony and Waddington, John L. and Larkin, Conall and {O'Callaghan}, Eadbhard},
	year = {2009},
	month = {01},
	date = {2009-01},
	journal = {British Journal of Psychiatry},
	pages = {18--24},
	volume = {194},
	number = {1},
	doi = {10.1192/bjp.bp.107.048942},
	url = {http://dx.doi.org/10.1192/bjp.bp.107.048942},
	langid = {en}
}

@article{white2009,
	title = {Predictors of 10-year outcome of first-episode psychosis},
	author = {White, C. and Stirling, J. and Hopkins, R. and Morris, J. and Montague, L. and Tantam, D. and Lewis, S.},
	year = {2009},
	month = {02},
	date = {2009-02-03},
	journal = {Psychological Medicine},
	pages = {1447--1456},
	volume = {39},
	number = {9},
	doi = {10.1017/s003329170800514x},
	url = {http://dx.doi.org/10.1017/S003329170800514X},
	langid = {en}
}

@article{birchwood2000,
	title = {The Critical Period for Early Intervention},
	author = {Birchwood, Max and Fiorillo, Andrea},
	year = {2000},
	month = {06},
	date = {2000-06},
	journal = {Psychiatric Rehabilitation Skills},
	pages = {182--198},
	volume = {4},
	number = {2},
	doi = {10.1080/10973430008408405},
	url = {http://dx.doi.org/10.1080/10973430008408405},
	langid = {en}
}

@article{citrome2009,
	title = {Dose trends for second-generation antipsychotic treatment of schizophrenia and bipolar disorder},
	author = {Citrome, Leslie and Reist, Christopher and Palmer, Liisa and Montejano, Leslie and Lenhart, Greg and Cuffel, Brian and Harnett, James and Sanders, Kafi N.},
	year = {2009},
	month = {03},
	date = {2009-03},
	journal = {Schizophrenia Research},
	pages = {238--244},
	volume = {108},
	number = {1-3},
	doi = {10.1016/j.schres.2008.11.017},
	url = {http://dx.doi.org/10.1016/j.schres.2008.11.017},
	langid = {en}
}

@article{mauri2007,
	title = {Clinical Pharmacokinetics of Atypical Antipsychotics},
	author = {Mauri, Massimo C and Volonteri, Lucia S and Colasanti, Alessandro and Fiorentini, Alessio and De Gaspari, Ilaria F and Bareggi, Silvio R},
	year = {2007},
	date = {2007},
	journal = {Clinical Pharmacokinetics},
	pages = {359--388},
	volume = {46},
	number = {5},
	doi = {10.2165/00003088-200746050-00001},
	url = {http://dx.doi.org/10.2165/00003088-200746050-00001},
	langid = {en}
}

@article{yoshida2018,
	title = {Pharmacogenetics of Antipsychotic Drug Treatment: Update and Clinical Implications},
	author = {Yoshida, Kazunari and {Müller}, {Daniel J.}},
	year = {2018},
	month = {09},
	date = {2018-09-26},
	journal = {Complex Psychiatry},
	pages = {1--26},
	volume = {5},
	number = {Suppl. 1},
	doi = {10.1159/000492332},
	url = {http://dx.doi.org/10.1159/000492332},
	langid = {en}
}

@article{sunny2022,
	title = {Assessment of drug-drug interactions among patients with psychiatric disorders: A clinical pharmacist-led study},
	author = {Sunny, Selas and Prabhu, Santosh and Chand, Sharad and UP, Nandakumar and Chacko, Chinju Susan and Joel, Juno J.},
	year = {2022},
	month = {01},
	date = {2022-01},
	journal = {Clinical Epidemiology and Global Health},
	pages = {100930},
	volume = {13},
	doi = {10.1016/j.cegh.2021.100930},
	url = {http://dx.doi.org/10.1016/j.cegh.2021.100930},
	langid = {en}
}

@article{england2011,
	title = {Catatonia in Psychotic Patients: Clinical Features and Treatment Response},
	author = {England, Mary L. and {Öngür}, Dost and Konopaske, Glenn T. and Karmacharya, Rakesh},
	year = {2011},
	month = {01},
	date = {2011-01},
	journal = {The Journal of Neuropsychiatry and Clinical Neurosciences},
	pages = {223--226},
	volume = {23},
	number = {2},
	doi = {10.1176/jnp.23.2.jnp223},
	url = {http://dx.doi.org/10.1176/jnp.23.2.jnp223},
	langid = {en}
}

@article{schoeler2017,
	title = {Poor medication adherence and risk of relapse associated with continued cannabis use in patients with first-episode psychosis: a prospective analysis},
	author = {Schoeler, Tabea and Petros, Natalia and Di Forti, Marta and Klamerus, Ewa and Foglia, Enrico and Murray, Robin and Bhattacharyya, Sagnik},
	year = {2017},
	month = {08},
	date = {2017-08},
	journal = {The Lancet Psychiatry},
	pages = {627--633},
	volume = {4},
	number = {8},
	doi = {10.1016/s2215-0366(17)30233-x},
	url = {http://dx.doi.org/10.1016/S2215-0366(17)30233-X},
	langid = {en}
}

@article{dold2014,
	title = {Pharmacotherapy of treatment-resistant schizophrenia: a clinical perspective},
	author = {Dold, Markus and Leucht, Stefan},
	year = {2014},
	month = {04},
	date = {2014-04-08},
	journal = {Evidence Based Mental Health},
	pages = {33--37},
	volume = {17},
	number = {2},
	doi = {10.1136/eb-2014-101813},
	url = {http://dx.doi.org/10.1136/eb-2014-101813},
	langid = {en}
}

@article{kishimoto2013,
	title = {Long-Acting Injectable Versus Oral Antipsychotics in Schizophrenia},
	author = {Kishimoto, Taishiro and Nitta, Masahiro and Borenstein, Michael and Kane, John M. and Correll, Christoph U.},
	year = {2013},
	month = {10},
	date = {2013-10-15},
	journal = {The Journal of Clinical Psychiatry},
	pages = {957--965},
	volume = {74},
	number = {10},
	doi = {10.4088/jcp.13r08440},
	url = {http://dx.doi.org/10.4088/JCP.13r08440}
}
