
@article{agid2007,
	title = {Early Use of Clozapine for Poorly Responding First-Episode Psychosis},
	author = {Agid, Ofer and Remington, Gary and Kapur, Shitij and Arenovich, Tamara and Zipursky, Robert B.},
	year = {2007},
	month = {08},
	date = {2007-08},
	journal = {Journal of Clinical Psychopharmacology},
	pages = {369--373},
	volume = {27},
	number = {4},
	doi = {10.1097/jcp.0b013e3180d0a6d4},
	url = {http://dx.doi.org/10.1097/jcp.0b013e3180d0a6d4},
	langid = {en}
}

@article{iqbal2020,
	title = {The side effect profile of Clozapine in real world data of three large mental health hospitals},
	author = {Iqbal, Ehtesham and Govind, Risha and Romero, Alvin and Dzahini, Olubanke and Broadbent, Matthew and Stewart, Robert and Smith, Tanya and Kim, Chi-Hun and Werbeloff, Nomi and MacCabe, James H. and Dobson, Richard J. B. and Ibrahim, Zina M.},
	editor = {De Luca, Vincenzo},
	year = {2020},
	month = {12},
	date = {2020-12-08},
	journal = {PLOS ONE},
	pages = {e0243437},
	volume = {15},
	number = {12},
	doi = {10.1371/journal.pone.0243437},
	url = {http://dx.doi.org/10.1371/journal.pone.0243437},
	langid = {en}
}

@article{trenton2003,
	title = {Fatalities Associated with Therapeutic Use and Overdose of Atypical Antipsychotics},
	author = {Trenton, Adam J and Currier, Glenn W and Zwemer, Frank L},
	year = {2003},
	date = {2003},
	journal = {CNS Drugs},
	pages = {307--324},
	volume = {17},
	number = {5},
	doi = {10.2165/00023210-200317050-00002},
	url = {http://dx.doi.org/10.2165/00023210-200317050-00002},
	langid = {en}
}

@article{howes2012,
	title = {Adherence to treatment guidelines in clinical practice: study of antipsychotic treatment prior to clozapine initiation},
	author = {Howes, Oliver D. and Vergunst, Francis and Gee, Siobhan and McGuire, Philip and Kapur, Shitij and Taylor, David},
	year = {2012},
	month = {12},
	date = {2012-12},
	journal = {British Journal of Psychiatry},
	pages = {481--485},
	volume = {201},
	number = {6},
	doi = {10.1192/bjp.bp.111.105833},
	url = {http://dx.doi.org/10.1192/bjp.bp.111.105833},
	langid = {en}
}

@article{leucht2020,
	title = {Dose-Response Meta-Analysis of Antipsychotic Drugs for Acute Schizophrenia},
	author = {Leucht, Stefan and Crippa, Alessio and Siafis, Spyridon and Patel, Maxine X. and Orsini, Nicola and Davis, John M.},
	year = {2020},
	month = {04},
	date = {2020-04-01},
	journal = {American Journal of Psychiatry},
	pages = {342--353},
	volume = {177},
	number = {4},
	doi = {10.1176/appi.ajp.2019.19010034},
	url = {http://dx.doi.org/10.1176/appi.ajp.2019.19010034},
	langid = {en}
}

@article{woods2004,
	title = {Review: high doses of antipsychotic drugs are no more or less effective than medium doses in people with schizophrenia},
	author = {Woods, S. W},
	year = {2004},
	month = {11},
	date = {2004-11-01},
	journal = {Evidence-Based Mental Health},
	pages = {106--106},
	volume = {7},
	number = {4},
	doi = {10.1136/ebmh.7.4.106},
	url = {http://dx.doi.org/10.1136/ebmh.7.4.106},
	langid = {en}
}

@article{Agid2011,
	title = {An Algorithm-Based Approach to First-Episode Schizophrenia},
	author = {Agid, Ofer and Arenovich, Tamara and Sajeev, Gautam and Zipursky, Robert B. and Kapur, Shitij and Foussias, George and Remington, Gary},
	year = {2011},
	month = {03},
	date = {2011-03-08},
	journal = {The Journal of Clinical Psychiatry},
	pages = {1439--1444},
	volume = {72},
	number = {11},
	doi = {10.4088/jcp.09m05785yel},
	url = {http://dx.doi.org/10.4088/JCP.09m05785yel}
}

@article{honer2011,
	title = {A Randomized, Double-Blind, Placebo-Controlled Study of the Safety and Tolerability of High-Dose Quetiapine in Patients With Persistent Symptoms of Schizophrenia or Schizoaffective Disorder},
	author = {Honer, William G. and MacEwan, G. William and Gendron, Alain and Stip, Emmanuel and Labelle, Alain and Williams, Richard and Eriksson, Hans and , },
	year = {2011},
	month = {06},
	date = {2011-06-14},
	journal = {The Journal of Clinical Psychiatry},
	pages = {13--20},
	volume = {73},
	number = {01},
	doi = {10.4088/jcp.10m06194},
	url = {http://dx.doi.org/10.4088/JCP.10m06194}
}

@article{dold2015,
	title = {Dose escalation of antipsychotic drugs in schizophrenia: A meta-analysis of randomized controlled trials},
	author = {Dold, Markus and Fugger, Gernot and Aigner, Martin and Lanzenberger, Rupert and Kasper, Siegfried},
	year = {2015},
	month = {08},
	date = {2015-08},
	journal = {Schizophrenia Research},
	pages = {187--193},
	volume = {166},
	number = {1-3},
	doi = {10.1016/j.schres.2015.04.024},
	url = {http://dx.doi.org/10.1016/j.schres.2015.04.024},
	langid = {en}
}

@article{samara2016,
	title = {Efficacy, Acceptability, and Tolerability of Antipsychotics in Treatment-Resistant Schizophrenia},
	author = {Samara, Myrto T. and Dold, Markus and Gianatsi, Myrsini and Nikolakopoulou, Adriani and Helfer, Bartosz and Salanti, Georgia and Leucht, Stefan},
	year = {2016},
	month = {03},
	date = {2016-03-01},
	journal = {JAMA Psychiatry},
	pages = {199},
	volume = {73},
	number = {3},
	doi = {10.1001/jamapsychiatry.2015.2955},
	url = {http://dx.doi.org/10.1001/jamapsychiatry.2015.2955},
	langid = {en}
}

@inbook{verster2010,
	title = {First-Generation Antipsychotics},
	author = {Verster, Joris C and Tzschentke, Thomas M. and {O{\textquoteright}Malley}, Kieran and Colpaert, Francis C and Ellenbroek, Bart and Ellenbroek, Bart and McAllister-Williams, R. Hamish and Liepert, Joachim and Hillard, Cecilia J. and Preskorn, Sheldon and Dahmen, Megan M and Lincoln, Janka and Stiedl, Oliver and {Ögren}, Sven Ove and Warburton, E C and Le Foll, Bernard and Shoaib, Mohammed and Harvey, Victoria L and Dickenson, Tony and Esposito, Ennio and Invernizzi, Roberto William and Esposito, Ennio and Invernizzi, Robert William and Spina, Edoardo and {Höschl}, Cyril and Wolff, Kim and Marneros, Andreas and Riley, Anthony L. and Kohut, Steve and Chamberlain, Samuel R. and Sahakian, Barbara J. and Roberts, David C.S. and Zohar, Joseph and Miyamoto, Seiya and Lader, Malcolm and Childs, Emma and Price, Lawrence H. and de Wit, Harriet and Fleischhacker, Wolfgang and McMahon, Lance Richard and Le Foll, Bernard and Le Foll, Bernard and Price, Lawrence H. and {O{\textquoteright}Malley}, Kieran and {O{\textquoteright}Malley}, Kieran and Stahl, Stephen M. and Grady, Meghan M and Fowler, Stephen C and Colpaert, Francis C. and Hofer, Alex and Sibille, Etienne and Edgar, Nicole and Spear, Linda P. and Hutton, Sam and Lundstroem, Linda and Gatti McArthur, Silvia and Spooren, Will and Colado, Maria Isabel and Green, Richard and Bubar, Marcy J. and Cunningham, Kathryn A and Anagnostaras, Stephan G. and Sage, Jennifer R and Carmack, Stephanie A. and Boeijinga, Peter H. and Boeijinga, Peter H. and Newhouse, Paul and Wilkins, Heather and Remington, Gary and Atack, John and Lavreysen, Hilde},
	year = {2010},
	date = {2010},
	publisher = {Springer Berlin Heidelberg},
	pages = {534--536},
	doi = {10.1007/978-3-540-68706-1_251},
	url = {http://dx.doi.org/10.1007/978-3-540-68706-1_251}
}

@article{weiden2007,
	title = {The Art and Science of Switching Antipsychotic Medications, Part 2},
	author = {Weiden, Peter J. and Miller, Alexander L. and Lambert, Tim J. and Buckley, Peter F.},
	year = {2007},
	month = {01},
	date = {2007-01-15},
	journal = {The Journal of Clinical Psychiatry},
	pages = {e02},
	volume = {68},
	number = {01},
	doi = {10.4088/jcp.0107e02},
	url = {http://dx.doi.org/10.4088/JCP.0107e02}
}

@article{takeuchi2017,
	title = {Immediate vs Gradual Discontinuation in Antipsychotic Switching: A Systematic Review and Meta-analysis},
	author = {Takeuchi, Hiroyoshi and Kantor, Navot and Uchida, Hiroyuki and Suzuki, Takefumi and Remington, Gary},
	year = {2017},
	month = {01},
	date = {2017-01-01},
	journal = {Schizophrenia Bulletin},
	pages = {sbw171},
	doi = {10.1093/schbul/sbw171},
	url = {http://dx.doi.org/10.1093/schbul/sbw171},
	langid = {en}
}

@article{stauffer2011,
	title = {Trajectories of response to treatment with atypical antipsychotic medication in patients with schizophrenia pooled from 6 double-blind, randomized clinical trials},
	author = {Stauffer, Virginia and Case, Michael and Kollack-Walker, Sara and Ascher-Svanum, Haya and Ball, Tamara and Kapur, Shitij and Kinon, Bruce J.},
	year = {2011},
	month = {08},
	date = {2011-08},
	journal = {Schizophrenia Research},
	pages = {11--19},
	volume = {130},
	number = {1-3},
	doi = {10.1016/j.schres.2011.03.015},
	url = {http://dx.doi.org/10.1016/j.schres.2011.03.015},
	langid = {en}
}

@article{lally2016,
	title = {Two distinct patterns of treatment resistance: clinical predictors of treatment resistance in first-episode schizophrenia spectrum psychoses},
	author = {Lally, J. and Ajnakina, O. and Di Forti, M. and Trotta, A. and Demjaha, A. and Kolliakou, A. and Mondelli, V. and Reis Marques, T. and Pariante, C. and Dazzan, P. and Shergil, S. S. and Howes, O. D. and David, A. S. and MacCabe, J. H. and Gaughran, F. and Murray, R. M.},
	year = {2016},
	month = {09},
	date = {2016-09-08},
	journal = {Psychological Medicine},
	pages = {3231--3240},
	volume = {46},
	number = {15},
	doi = {10.1017/s0033291716002014},
	url = {http://dx.doi.org/10.1017/S0033291716002014},
	langid = {en}
}

@article{rosenheck2009,
	title = {Does switching to a new antipsychotic improve outcomes?},
	author = {Rosenheck, Robert A and Davis, Sonia and Covell, Nancy and Essock, Susan and Swartz, Marvin and Stroup, Scott and McEvoy, Joseph and Lieberman, Jeffrey},
	year = {2009},
	month = {01},
	date = {2009-01},
	journal = {Schizophrenia Research},
	pages = {22--29},
	volume = {107},
	number = {1},
	doi = {10.1016/j.schres.2008.09.031},
	url = {http://dx.doi.org/10.1016/j.schres.2008.09.031},
	langid = {en}
}

@article{Essock2006,
	title = {Effectiveness of Switching Antipsychotic Medications},
	author = {Essock, Susan M. and Covell, Nancy H. and Davis, Sonia M. and Stroup, T. Scott and Rosenheck, Robert A. and Lieberman, Jeffrey A.},
	year = {2006},
	month = {12},
	date = {2006-12},
	journal = {American Journal of Psychiatry},
	pages = {2090--2095},
	volume = {163},
	number = {12},
	doi = {10.1176/ajp.2006.163.12.2090},
	url = {http://dx.doi.org/10.1176/ajp.2006.163.12.2090},
	langid = {en}
}

@article{kishimoto2017,
	title = {Effectiveness of Long-Acting Injectable vs Oral Antipsychotics in Patients With Schizophrenia: A Meta-analysis of Prospective and Retrospective Cohort Studies},
	author = {Kishimoto, Taishiro and Hagi, Katsuhiko and Nitta, Masahiro and Leucht, Stefan and Olfson, Mark and Kane, John M and Correll, Christoph U},
	year = {2017},
	month = {07},
	date = {2017-07-27},
	journal = {Schizophrenia Bulletin},
	pages = {603--619},
	volume = {44},
	number = {3},
	doi = {10.1093/schbul/sbx090},
	url = {http://dx.doi.org/10.1093/schbul/sbx090},
	langid = {en}
}

@article{marinis2007,
	title = {Switching to Long-Acting Injectable Risperidone is Beneficial with Regard to Clinical Outcomes, Regardless of Previous Conventional Medication in Patients with Schizophrenia},
	author = {Marinis, T. and Saleem, P. and Glue, P. and Arnoldussen, W. and Teijeiro, R. and Lex, A. and Latif, M. and Medori, R.},
	year = {2007},
	month = {11},
	date = {2007-11},
	journal = {Pharmacopsychiatry},
	pages = {257--263},
	volume = {40},
	number = {6},
	doi = {10.1055/s-2007-992140},
	url = {http://dx.doi.org/10.1055/s-2007-992140},
	langid = {en}
}

@article{lynnstarr2018,
	title = {Comparison of long-acting and oral antipsychotic treatment effects in patients with schizophrenia, comorbid substance abuse, and a history of recent incarceration: An exploratory analysis of the PRIDE study},
	author = {Lynn Starr, H. and Bermak, Jason and Mao, Lian and Rodriguez, Steve and Alphs, Larry},
	year = {2018},
	month = {04},
	date = {2018-04},
	journal = {Schizophrenia Research},
	pages = {39--46},
	volume = {194},
	doi = {10.1016/j.schres.2017.05.005},
	url = {http://dx.doi.org/10.1016/j.schres.2017.05.005},
	langid = {en}
}

@article{markowitz2013,
	title = {Long-acting injectable paliperidone palmitate versus oral paliperidone extended release: a comparative analysis from two placebo-controlled relapse prevention studies},
	author = {Markowitz, Michael and Fu, Dong-Jing and Levitan, Bennett and Gopal, Srihari and Turkoz, Ibrahim and Alphs, Larry},
	year = {2013},
	date = {2013},
	journal = {Annals of General Psychiatry},
	pages = {22},
	volume = {12},
	number = {1},
	doi = {10.1186/1744-859x-12-22},
	url = {http://dx.doi.org/10.1186/1744-859X-12-22},
	langid = {en}
}

@article{kimura2014,
	title = {A prospective comparative study of risperidone long-acting injectable for treatment-resistant schizophrenia with dopamine supersensitivity psychosis},
	author = {Kimura, Hiroshi and Kanahara, Nobuhisa and Komatsu, Naoya and Ishige, Minoru and Muneoka, Katsumasa and Yoshimura, Masayuki and Yamanaka, Hiroshi and Suzuki, Tomotaka and Komatsu, Hideki and Sasaki, Tsuyoshi and Hashimoto, Tasuku and Hasegawa, Tadashi and Shiina, Akihiro and Ishikawa, Masatomo and Sekine, Yoshimoto and Shiraishi, Tetsuya and Watanabe, Hiroyuki and Shimizu, Eiji and Hashimoto, Kenji and Iyo, Masaomi},
	year = {2014},
	month = {05},
	date = {2014-05},
	journal = {Schizophrenia Research},
	pages = {52--58},
	volume = {155},
	number = {1-3},
	doi = {10.1016/j.schres.2014.02.022},
	url = {http://dx.doi.org/10.1016/j.schres.2014.02.022},
	langid = {en}
}

@article{Kukreja2013,
	title = {Polypharmacy in psychiatry: A review},
	author = {Shrivastava, Amresh and Kukreja, Sanjay and Kalra, Gurvinder and Shah, Nilesh},
	year = {2013},
	date = {2013},
	journal = {Mens Sana Monographs},
	pages = {82},
	volume = {11},
	number = {1},
	doi = {10.4103/0973-1229.104497},
	url = {http://dx.doi.org/10.4103/0973-1229.104497},
	langid = {en}
}

@article{Bumb2015,
	title = {Drug repurposing and emerging adjunctive treatments for schizophrenia},
	author = {Bumb, Jan Malte and Enning, Frank and Leweke, F Markus},
	year = {2015},
	month = {04},
	date = {2015-04-12},
	journal = {Expert Opinion on Pharmacotherapy},
	pages = {1049--1067},
	volume = {16},
	number = {7},
	doi = {10.1517/14656566.2015.1032248},
	url = {http://dx.doi.org/10.1517/14656566.2015.1032248},
	langid = {en}
}

@article{Brown2016,
	title = {Emerging Treatments in Schizophrenia},
	author = {Brown, Hannah E. and Roffman, Joshua L.},
	year = {2016},
	month = {03},
	date = {2016-03},
	journal = {Harvard Review of Psychiatry},
	pages = {e1--e7},
	volume = {24},
	number = {2},
	doi = {10.1097/hrp.0000000000000101},
	url = {http://dx.doi.org/10.1097/HRP.0000000000000101},
	langid = {en}
}

@article{szarmach2017,
	title = {Benzodiazepines as adjunctive therapy in treatment refractory symptoms of schizophrenia},
	author = {Szarmach, Joanna and {W{\l}odarczyk}, Adam and {Cuba{\l}a}, {Wies{\l}aw Jerzy} and Wiglusz, {Mariusz Stanis{\l}aw}},
	year = {2017},
	month = {09},
	date = {2017-09},
	journal = {Psychiatria Danubina},
	pages = {349--352},
	volume = {29},
	number = {Suppl 3},
	note = {PMID: 28953789},
	langid = {eng}
}

@article{Mao2015,
	title = {Augmentation with antidepressants in schizophrenia treatment: benefit or risk},
	author = {Zhang, Ming-Dao and Mao, Ye-Meng},
	year = {2015},
	month = {03},
	date = {2015-03},
	journal = {Neuropsychiatric Disease and Treatment},
	pages = {701},
	doi = {10.2147/ndt.s62266},
	url = {http://dx.doi.org/10.2147/NDT.S62266},
	langid = {en}
}

@article{Akhondzadeh2008,
	title = {Effect of ritanserin, a 5HT2A/2C antagonist, on negative symptoms of schizophrenia: A double-blind randomized placebo-controlled study},
	author = {Akhondzadeh, Shahin and Malek-Hosseini, Mojgan and Ghoreishi, Aboulfazl and Raznahan, Maedeh and Rezazadeh, Shams-Ali},
	year = {2008},
	month = {12},
	date = {2008-12},
	journal = {Progress in Neuro-Psychopharmacology and Biological Psychiatry},
	pages = {1879--1883},
	volume = {32},
	number = {8},
	doi = {10.1016/j.pnpbp.2008.08.020},
	url = {http://dx.doi.org/10.1016/j.pnpbp.2008.08.020},
	langid = {en}
}

@article{Moazen-Zadeh2020,
	title = {Vortioxetine as adjunctive therapy to risperidone for treatment of patients with chronic schizophrenia: A randomised, double-blind, placebo-controlled clinical trial},
	author = {Moazen-Zadeh, Ehsan and Bayanati, Samaneh and Ziafat, Kimia and Rezaei, Farzin and Mesgarpour, Bita and Akhondzadeh, Shahin},
	year = {2020},
	month = {03},
	date = {2020-03-02},
	journal = {Journal of Psychopharmacology},
	pages = {506--513},
	volume = {34},
	number = {5},
	doi = {10.1177/0269881120909416},
	url = {http://dx.doi.org/10.1177/0269881120909416},
	langid = {en}
}

@article{zhang2000,
	title = {Synergistic Effects of Olanzapine and Other Antipsychotic Agents in Combination with Fluoxetine on Norepinephrine and Dopamine Release in Rat Prefrontal Cortex},
	author = {Zhang, W},
	year = {2000},
	month = {09},
	date = {2000-09-01},
	journal = {Neuropsychopharmacology},
	pages = {250--262},
	volume = {23},
	number = {3},
	doi = {10.1016/s0893-133x(00)00119-6},
	url = {http://dx.doi.org/10.1016/S0893-133X(00)00119-6}
}

@article{Singh2010,
	title = {Efficacy of antidepressants in treating the negative symptoms of chronic schizophrenia: meta-analysis},
	author = {Singh, Surendra P. and Singh, Vidhi and Kar, Nilamadhab and Chan, Kelvin},
	year = {2010},
	month = {09},
	date = {2010-09},
	journal = {British Journal of Psychiatry},
	pages = {174--179},
	volume = {197},
	number = {3},
	doi = {10.1192/bjp.bp.109.067710},
	url = {http://dx.doi.org/10.1192/bjp.bp.109.067710},
	langid = {en}
}

@article{Kishi2014,
	title = {Meta-analysis of noradrenergic and specific serotonergic antidepressant use in schizophrenia},
	author = {Kishi, Taro and Iwata, Nakao},
	year = {2013},
	month = {07},
	date = {2013-07-03},
	journal = {The International Journal of Neuropsychopharmacology},
	pages = {343--354},
	volume = {17},
	number = {02},
	doi = {10.1017/s1461145713000667},
	url = {http://dx.doi.org/10.1017/S1461145713000667},
	langid = {en}
}

@article{Englisch2013,
	title = {Risks and Benefits of Bupropion Treatment in Schizophrenia},
	author = {Englisch, Susanne and Morgen, Katrin and Meyer-Lindenberg, Andreas and Zink, Mathias},
	year = {2013},
	month = {11},
	date = {2013-11},
	journal = {Clinical Neuropharmacology},
	pages = {203--215},
	volume = {36},
	number = {6},
	doi = {10.1097/wnf.0b013e3182a8ea04},
	url = {http://dx.doi.org/10.1097/WNF.0b013e3182a8ea04},
	langid = {en}
}

@article{zink2012,
	title = {Treatment-resistant schizophrenia: Evidence-based strategies},
	author = {Zink, Mathias and Englisch, Susanne},
	year = {2012},
	date = {2012},
	journal = {Mens Sana Monographs},
	pages = {20},
	volume = {10},
	number = {1},
	doi = {10.4103/0973-1229.91588},
	url = {http://dx.doi.org/10.4103/0973-1229.91588},
	langid = {en}
}

@article{Chiu2013,
	title = {Therapeutic Potential of Mood Stabilizers Lithium and Valproic Acid: Beyond Bipolar Disorder},
	author = {Chiu, Chi-Tso and Wang, Zhifei and Hunsberger, Joshua G. and Chuang, De-Maw},
	editor = {Sibley, David R.},
	year = {2013},
	month = {01},
	date = {2013-01},
	journal = {Pharmacological Reviews},
	pages = {105--142},
	volume = {65},
	number = {1},
	doi = {10.1124/pr.111.005512},
	url = {http://dx.doi.org/10.1124/pr.111.005512},
	langid = {en}
}

@article{Citrome2004,
	title = {Adjunctive Divalproex and Hostility Among Patients With Schizophrenia Receiving Olanzapine or Risperidone},
	author = {Citrome, Leslie and Casey, Daniel E. and Daniel, David G. and Wozniak, Patricia and Kochan, Lisa D. and Tracy, Katherine A.},
	year = {2004},
	month = {03},
	date = {2004-03},
	journal = {Psychiatric Services},
	pages = {290--294},
	volume = {55},
	number = {3},
	doi = {10.1176/appi.ps.55.3.290},
	url = {http://dx.doi.org/10.1176/appi.ps.55.3.290},
	langid = {en}
}

@article{wang2016,
	title = {Valproate for schizophrenia},
	author = {Wang, Yijun and Xia, Jun and Helfer, Bartosz and Li, Chunbo and Leucht, Stefan},
	editor = {, },
	year = {2016},
	month = {11},
	date = {2016-11-24},
	journal = {Cochrane Database of Systematic Reviews},
	volume = {2016},
	number = {11},
	doi = {10.1002/14651858.cd004028.pub4},
	url = {http://dx.doi.org/10.1002/14651858.CD004028.pub4},
	langid = {en}
}

@article{tseng2016,
	title = {Significant Effect of Valproate Augmentation Therapy in Patients With Schizophrenia},
	author = {Tseng, Ping-Tao and Chen, Yen-Wen and Chung, Weilun and Tu, Kun-Yu and Wang, Hung-Yu and Wu, Ching-Kuan and Lin, Pao-Yen},
	year = {2016},
	month = {01},
	date = {2016-01},
	journal = {Medicine},
	pages = {e2475},
	volume = {95},
	number = {4},
	doi = {10.1097/md.0000000000002475},
	url = {http://dx.doi.org/10.1097/MD.0000000000002475},
	langid = {en}
}

@article{tomson2016,
	title = {Valproic acid after five decades of use in epilepsy: time to reconsider the indications of a time-honoured drug},
	author = {Tomson, {Torbjörn} and Battino, Dina and Perucca, Emilio},
	year = {2016},
	month = {02},
	date = {2016-02},
	journal = {The Lancet Neurology},
	pages = {210--218},
	volume = {15},
	number = {2},
	doi = {10.1016/s1474-4422(15)00314-2},
	url = {http://dx.doi.org/10.1016/S1474-4422(15)00314-2},
	langid = {en}
}

@article{Centorrino1994,
	title = {Serum concentrations of clozapine and its major metabolites: effects of cotreatment with fluoxetine or valproate},
	year = {1994},
	month = {01},
	date = {1994-01},
	journal = {American Journal of Psychiatry},
	pages = {123--125},
	volume = {151},
	number = {1},
	doi = {10.1176/ajp.151.1.123},
	url = {http://dx.doi.org/10.1176/ajp.151.1.123},
	langid = {en}
}

@article{leucht2004,
	title = {Lithium for schizophrenia revisited: a systematic review and meta-analysis of randomized controlled trials},
	author = {Leucht, Stefan and Kissling, Werner and McGrath, John},
	year = {2004},
	month = {02},
	date = {2004-02},
	journal = {The Journal of Clinical Psychiatry},
	pages = {177--186},
	volume = {65},
	number = {2},
	note = {PMID: 15003070},
	langid = {eng}
}

@article{lerner1988,
	title = {Lithium Combined with Haloperidol in Schizophrenic Patients},
	author = {Lerner, Yaacov and Mintzer, Yaacov and Schestatzky, Miguel},
	year = {1988},
	month = {09},
	date = {1988-09},
	journal = {British Journal of Psychiatry},
	pages = {359--362},
	volume = {153},
	number = {3},
	doi = {10.1192/bjp.153.3.359},
	url = {http://dx.doi.org/10.1192/bjp.153.3.359},
	langid = {en}
}

@article{small2003,
	title = {Tolerability and Efficacy of Clozapine Combined with Lithium in Schizophrenia and Schizoaffective Disorder},
	author = {Small, Joyce G. and Klapper, Marietta H. and Malloy, Frederick W. and Steadman, Timothy M.},
	year = {2003},
	month = {06},
	date = {2003-06},
	journal = {Journal of Clinical Psychopharmacology},
	pages = {223--228},
	volume = {23},
	number = {3},
	doi = {10.1097/01.jcp.0000084026.22282.5f},
	url = {http://dx.doi.org/10.1097/01.jcp.0000084026.22282.5f},
	langid = {en}
}

@article{Kontaxakis2005,
	title = {Randomized controlled augmentation trials in clozapine-resistant schizophrenic patients: a critical review},
	author = {Kontaxakis, Vassilis P. and Ferentinos, Panayotis P. and Havaki-Kontaxaki, Beata J. and Roukas, Dimitris K.},
	year = {2005},
	month = {08},
	date = {2005-08},
	journal = {European Psychiatry},
	pages = {409--415},
	volume = {20},
	number = {5-6},
	doi = {10.1016/j.eurpsy.2004.12.007},
	url = {http://dx.doi.org/10.1016/j.eurpsy.2004.12.007},
	langid = {en}
}

@article{lin2019,
	title = {Antipsychotic Polypharmacy: A Dirty Little Secret or a Fashion?},
	author = {Lin, Shih-Ku},
	year = {2019},
	month = {12},
	date = {2019-12-23},
	journal = {International Journal of Neuropsychopharmacology},
	pages = {125--131},
	volume = {23},
	number = {2},
	doi = {10.1093/ijnp/pyz068},
	url = {http://dx.doi.org/10.1093/ijnp/pyz068},
	langid = {en}
}

@article{leucht2015,
	title = {Lithium for schizophrenia},
	author = {Leucht, Stefan and Helfer, Bartosz and Dold, Markus and Kissling, Werner and McGrath, John J},
	editor = {, },
	year = {2015},
	month = {10},
	date = {2015-10-28},
	journal = {Cochrane Database of Systematic Reviews},
	volume = {2015},
	number = {10},
	doi = {10.1002/14651858.cd003834.pub3},
	url = {http://dx.doi.org/10.1002/14651858.CD003834.pub3},
	langid = {en}
}

@article{Geddes2009,
	title = {Lamotrigine for treatment of bipolar depression: independent meta-analysis and meta-regression of individual patient data from five randomised trials},
	author = {Geddes, John R. and Calabrese, Joseph R. and Goodwin, Guy M.},
	year = {2009},
	month = {01},
	date = {2009-01},
	journal = {British Journal of Psychiatry},
	pages = {4--9},
	volume = {194},
	number = {1},
	doi = {10.1192/bjp.bp.107.048504},
	url = {http://dx.doi.org/10.1192/bjp.bp.107.048504},
	langid = {en}
}

@article{Tiihonen2009,
	title = {The efficacy of lamotrigine in clozapine-resistant schizophrenia: A systematic review and meta-analysis},
	author = {Tiihonen, Jari and Wahlbeck, Kristian and Kiviniemi, Vesa},
	year = {2009},
	month = {04},
	date = {2009-04},
	journal = {Schizophrenia Research},
	pages = {10--14},
	volume = {109},
	number = {1-3},
	doi = {10.1016/j.schres.2009.01.002},
	url = {http://dx.doi.org/10.1016/j.schres.2009.01.002},
	langid = {en}
}

@article{zoccali2007,
	title = {The effect of lamotrigine augmentation of clozapine in a sample of treatment-resistant schizophrenic patients: A double-blind, placebo-controlled study},
	author = {Zoccali, R. and Muscatello, M.R. and Bruno, A. and Cambria, R. and {Micò}, U. and Spina, E. and Meduri, M.},
	year = {2007},
	month = {07},
	date = {2007-07},
	journal = {Schizophrenia Research},
	pages = {109--116},
	volume = {93},
	number = {1-3},
	doi = {10.1016/j.schres.2007.02.009},
	url = {http://dx.doi.org/10.1016/j.schres.2007.02.009},
	langid = {en}
}

@article{sommer2011,
	title = {Pharmacological Augmentation Strategies for Schizophrenia Patients With Insufficient Response to Clozapine: A Quantitative Literature Review},
	author = {Sommer, Iris E. and Begemann, Marieke J. H. and Temmerman, Anke and Leucht, Stefan},
	year = {2011},
	month = {03},
	date = {2011-03-21},
	journal = {Schizophrenia Bulletin},
	pages = {1003--1011},
	volume = {38},
	number = {5},
	doi = {10.1093/schbul/sbr004},
	url = {http://dx.doi.org/10.1093/schbul/sbr004},
	langid = {en}
}

@article{okuyama2016,
	title = {Efficacy and tolerability of topiramate-augmentation therapy for schizophrenia: a systematic review and meta-analysis of randomized controlled trials},
	author = {Okuyama, Yuji and Oya, Kazuto and Matsunaga, Shinji and Kishi, Taro and Iwata, Nakao},
	year = {2016},
	month = {12},
	date = {2016-12},
	journal = {Neuropsychiatric Disease and Treatment},
	pages = {3221--3236},
	volume = {Volume 12},
	doi = {10.2147/ndt.s125367},
	url = {http://dx.doi.org/10.2147/NDT.S125367},
	langid = {en}
}

@article{zheng2016,
	title = {Efficacy and safety of adjunctive topiramate for schizophrenia: a meta-analysis of randomized controlled trials},
	author = {Zheng, W. and Xiang, Y.-T. and Xiang, Y.-Q. and Li, X.-B. and Ungvari, G. S. and Chiu, H. F. K. and Correll, C. U.},
	year = {2016},
	month = {09},
	date = {2016-09-01},
	journal = {Acta Psychiatrica Scandinavica},
	pages = {385--398},
	volume = {134},
	number = {5},
	doi = {10.1111/acps.12631},
	url = {http://dx.doi.org/10.1111/acps.12631},
	langid = {en}
}

@article{javitt2001,
	title = {Adjunctive high-dose glycine in the treatment of schizophrenia},
	author = {Javitt, Daniel C. and Silipo, Gail and Cienfuegos, Angel and Shelley, Anne-Marie and Bark, Nigel and Park, Mohan and Lindenmayer, Jean-Pierre and Suckow, Ray and Zukin, Stephen R.},
	year = {2001},
	month = {12},
	date = {2001-12},
	journal = {The International Journal of Neuropsychopharmacology},
	volume = {4},
	number = {04},
	doi = {10.1017/s1461145701002590},
	url = {http://dx.doi.org/10.1017/S1461145701002590},
	langid = {en}
}

@article{Buchanan2007,
	title = {The Cognitive and Negative Symptoms in Schizophrenia Trial (CONSIST): The Efficacy of Glutamatergic Agents for Negative Symptoms and Cognitive Impairments},
	author = {Buchanan, Robert W. and Javitt, Daniel C. and Marder, Stephen R. and Schooler, Nina R. and Gold, James M. and McMahon, Robert P. and Heresco-Levy, Uriel and Carpenter, William T.},
	year = {2007},
	month = {10},
	date = {2007-10},
	journal = {American Journal of Psychiatry},
	pages = {1593--1602},
	volume = {164},
	number = {10},
	doi = {10.1176/appi.ajp.2007.06081358},
	url = {http://dx.doi.org/10.1176/appi.ajp.2007.06081358},
	langid = {en}
}

@article{beck2016,
	title = {Targeting glutamate to treat schizophrenia: lessons from recent clinical studies},
	author = {Beck, Katherine and Javitt, Daniel C and Howes, Oliver D},
	year = {2016},
	month = {05},
	date = {2016-05-23},
	journal = {Psychopharmacology},
	pages = {2425--2428},
	volume = {233},
	number = {13},
	doi = {10.1007/s00213-016-4318-6},
	url = {http://dx.doi.org/10.1007/s00213-016-4318-6},
	langid = {en}
}

@article{Zheng2018,
	title = {Adjunctive memantine for schizophrenia: a meta-analysis of randomized, double-blind, placebo-controlled trials},
	author = {Zheng, W. and Li, X-H. and Yang, X-H. and Cai, D-B. and Ungvari, G. S. and Ng, C. H. and Wang, S-B. and Wang, Y-Y. and Ning, Y-P. and Xiang, Y-T.},
	year = {2017},
	month = {05},
	date = {2017-05-22},
	journal = {Psychological Medicine},
	pages = {72--81},
	volume = {48},
	number = {1},
	doi = {10.1017/s0033291717001271},
	url = {http://dx.doi.org/10.1017/S0033291717001271},
	langid = {en}
}

@article{Veerman2017,
	title = {Adjunctive memantine in clozapine-treated refractory schizophrenia: an open-label 1-year extension study},
	author = {Veerman, S. R. T. and Schulte, P. F. J. and Deijen, J. B. and de Haan, L.},
	year = {2016},
	month = {10},
	date = {2016-10-25},
	journal = {Psychological Medicine},
	pages = {363--375},
	volume = {47},
	number = {2},
	doi = {10.1017/s0033291716002476},
	url = {http://dx.doi.org/10.1017/S0033291716002476},
	langid = {en}
}

@article{Kikuchi2020,
	title = {Is Memantine Effective as an NMDA Receptor Antagonist in Adjunctive Therapy for Schizophrenia?},
	author = {Kikuchi, Tetsuro},
	year = {2020},
	month = {07},
	date = {2020-07-31},
	journal = {Biomolecules},
	pages = {1134},
	volume = {10},
	number = {8},
	doi = {10.3390/biom10081134},
	url = {http://dx.doi.org/10.3390/biom10081134},
	langid = {en}
}

@article{Faden2019,
	title = {Resistance is not futile: treatment-refractory schizophrenia {\textendash} overview, evaluation and treatment},
	author = {Faden, Justin and Citrome, Leslie},
	year = {2018},
	month = {11},
	date = {2018-11-08},
	journal = {Expert Opinion on Pharmacotherapy},
	pages = {11--24},
	volume = {20},
	number = {1},
	doi = {10.1080/14656566.2018.1543409},
	url = {http://dx.doi.org/10.1080/14656566.2018.1543409},
	langid = {en}
}

@article{Lüscher2020,
	title = {Drug repositioning for psychiatric and neurological disorders through a network medicine approach},
	author = {{Lüscher Dias}, Thomaz and Schuch, Viviane and {Beltrão-Braga}, {Patrícia Cristina Baleeiro} and Martins-de-Souza, Daniel and Brentani, Helena Paula and Franco, {Glória Regina} and Nakaya, Helder Imoto},
	year = {2020},
	month = {05},
	date = {2020-05-12},
	journal = {Translational Psychiatry},
	volume = {10},
	number = {1},
	doi = {10.1038/s41398-020-0827-5},
	url = {http://dx.doi.org/10.1038/s41398-020-0827-5},
	langid = {en}
}

@article{tanoli2021,
	title = {Artificial intelligence, machine learning, and drug repurposing in cancer},
	author = {Tanoli, Ziaurrehman and {Vähä-Koskela}, Markus and Aittokallio, Tero},
	year = {2021},
	month = {02},
	date = {2021-02-12},
	journal = {Expert Opinion on Drug Discovery},
	pages = {977--989},
	volume = {16},
	number = {9},
	doi = {10.1080/17460441.2021.1883585},
	url = {http://dx.doi.org/10.1080/17460441.2021.1883585},
	langid = {en}
}

@article{Berk2015,
	title = {Three Paths to Drug Discovery in Psychiatry},
	author = {Berk, Michael and Nierenberg, Andrew A.},
	year = {2015},
	month = {05},
	date = {2015-05},
	journal = {American Journal of Psychiatry},
	pages = {412--414},
	volume = {172},
	number = {5},
	doi = {10.1176/appi.ajp.2014.14070858},
	url = {http://dx.doi.org/10.1176/appi.ajp.2014.14070858},
	langid = {en}
}

@article{Ascher-Svanum2012,
	title = {Comparison of patients undergoing switching versus augmentation of antipsychotic medications during treatment for schizophrenia},
	author = {Ascher-Svanum, Haya and Brnabic,  and Lawson,  and Kinon, Bruce and Stauffer,  and Feldman,  and Kelin, Kelin},
	year = {2012},
	month = {03},
	date = {2012-03},
	journal = {Neuropsychiatric Disease and Treatment},
	pages = {113},
	doi = {10.2147/ndt.s30268},
	url = {http://dx.doi.org/10.2147/NDT.S30268},
	langid = {en}
}

@article{remington2013,
	title = {Clozapine's role in the treatment of first-episode schizophrenia},
	author = {Remington, Gary and Agid, Ofer and Foussias, George and Hahn, Margaret and Rao, Naren and Sinyor, Mark},
	year = {2013},
	month = {02},
	date = {2013-02},
	journal = {The American Journal of Psychiatry},
	pages = {146--151},
	volume = {170},
	number = {2},
	doi = {10.1176/appi.ajp.2012.12060778},
	note = {PMID: 23377634},
	langid = {eng}
}

@article{Okhuijsen-Pfeifer2018,
	title = {Clozapine as a first- or second-line treatment in schizophrenia: a systematic review and meta-analysis},
	author = {Okhuijsen-Pfeifer, C. and Huijsman, E. A. H. and Hasan, A. and Sommer, I. E. C. and Leucht, S. and Kahn, R. S. and Luykx, J. J.},
	year = {2018},
	month = {09},
	date = {2018-09-14},
	journal = {Acta Psychiatrica Scandinavica},
	pages = {281--288},
	volume = {138},
	number = {4},
	doi = {10.1111/acps.12954},
	url = {http://dx.doi.org/10.1111/acps.12954},
	langid = {en}
}

@article{sin2009,
	title = {Schizophrenia in adults 1: NICE guidance on detection, assessment and initial management},
	author = {Sin, Jacqueline and Taylor, Clare},
	year = {2009},
	month = {06},
	date = {2009-06-26},
	journal = {Nursing Times},
	pages = {28--29},
	volume = {105},
	number = {20},
	note = {PMID: 19534191},
	langid = {eng}
}

@article{de2013,
	title = {Intracellular pathways of antipsychotic combined therapies: Implication for psychiatric disorders treatment},
	author = {de Bartolomeis, Andrea and Avvisati, Livia and Iasevoli, Felice and Tomasetti, Carmine},
	year = {2013},
	month = {10},
	date = {2013-10},
	journal = {European Journal of Pharmacology},
	pages = {502--523},
	volume = {718},
	number = {1-3},
	doi = {10.1016/j.ejphar.2013.06.034},
	url = {http://dx.doi.org/10.1016/j.ejphar.2013.06.034},
	langid = {en}
}

@article{gilmer2007,
	title = {Antipsychotic Polypharmacy Trends Among Medi-Cal Beneficiaries With Schizophrenia in San Diego County, 1999{\textendash}2004},
	author = {Gilmer, Todd P. and Dolder, Christian R. and Folsom, David P. and Mastin, William and Jeste, Dilip V.},
	year = {2007},
	month = {07},
	date = {2007-07},
	journal = {Psychiatric Services},
	pages = {1007--1010},
	volume = {58},
	number = {7},
	doi = {10.1176/ps.2007.58.7.1007},
	url = {http://dx.doi.org/10.1176/ps.2007.58.7.1007},
	langid = {en}
}

@article{gallego2012,
	title = {Prevalence and correlates of antipsychotic polypharmacy: A systematic review and meta-regression of global and regional trends from the 1970s to 2009},
	author = {Gallego, Juan A. and Bonetti, John and Zhang, Jianping and Kane, John M. and Correll, Christoph U.},
	year = {2012},
	month = {06},
	date = {2012-06},
	journal = {Schizophrenia Research},
	pages = {18--28},
	volume = {138},
	number = {1},
	doi = {10.1016/j.schres.2012.03.018},
	url = {http://dx.doi.org/10.1016/j.schres.2012.03.018},
	langid = {en}
}

@article{barnes2011,
	title = {Antipsychotic Polypharmacy in Schizophrenia},
	author = {Barnes, Thomas R.E. and Paton, Carol},
	year = {2011},
	month = {05},
	date = {2011-05},
	journal = {CNS Drugs},
	pages = {383--399},
	volume = {25},
	number = {5},
	doi = {10.2165/11587810-000000000-00000},
	url = {http://dx.doi.org/10.2165/11587810-000000000-00000},
	langid = {en}
}

@article{ballon2013,
	title = {Polypharmacy for schizophrenia},
	author = {Ballon, Jacob and Stroup, T. Scott},
	year = {2013},
	month = {03},
	date = {2013-03},
	journal = {Current Opinion in Psychiatry},
	pages = {208--213},
	volume = {26},
	number = {2},
	doi = {10.1097/yco.0b013e32835d9efb},
	url = {http://dx.doi.org/10.1097/YCO.0b013e32835d9efb},
	langid = {en}
}

@article{waddington1998,
	title = {Mortality in schizophrenia},
	author = {Waddington, John L. and Youssef, Hanafy A. and Kinsella, Anthony},
	year = {1998},
	month = {10},
	date = {1998-10},
	journal = {British Journal of Psychiatry},
	pages = {325--329},
	volume = {173},
	number = {4},
	doi = {10.1192/bjp.173.4.325},
	url = {http://dx.doi.org/10.1192/bjp.173.4.325},
	langid = {en}
}

@article{centorrino2004,
	title = {Multiple Versus Single Antipsychotic Agents for Hospitalized Psychiatric Patients: Case-Control Study of Risks Versus Benefits},
	author = {Centorrino, Franca and Goren, Jessica L. and Hennen, John and Salvatore, Paola and Kelleher, James P. and Baldessarini, Ross J.},
	year = {2004},
	month = {04},
	date = {2004-04},
	journal = {American Journal of Psychiatry},
	pages = {700--706},
	volume = {161},
	number = {4},
	doi = {10.1176/appi.ajp.161.4.700},
	url = {http://dx.doi.org/10.1176/appi.ajp.161.4.700},
	langid = {en}
}

@article{élie2009,
	title = {Cognitive effects of antipsychotic dosage and polypharmacy: a study with the BACS in patients with schizophrenia and schizoaffective disorder},
	author = {{Élie}, D. and Poirier, M. and Chianetta, JM and Durand, M. and {Grégoire}, CA and Grignon, S.},
	year = {2009},
	month = {01},
	date = {2009-01-22},
	journal = {Journal of Psychopharmacology},
	pages = {1037--1044},
	volume = {24},
	number = {7},
	doi = {10.1177/0269881108100777},
	url = {http://dx.doi.org/10.1177/0269881108100777},
	langid = {en}
}

@article{galling2017,
	title = {Antipsychotic augmentation vs. monotherapy in schizophrenia: systematic review, meta-analysis and meta-regression analysis},
	author = {Galling, Britta and {Roldán}, Alexandra and Hagi, Katsuhiko and Rietschel, Liz and Walyzada, Frozan and Zheng, Wei and Cao, Xiao-Lan and Xiang, Yu-Tao and Zink, Mathias and Kane, John M. and Nielsen, Jimmi and Leucht, Stefan and Correll, Christoph U.},
	year = {2017},
	month = {01},
	date = {2017-01-26},
	journal = {World Psychiatry},
	pages = {77--89},
	volume = {16},
	number = {1},
	doi = {10.1002/wps.20387},
	url = {http://dx.doi.org/10.1002/wps.20387},
	langid = {en}
}

@inbook{buckley2012,
	title = {Antipsychotic Polypharmacy in Schizophrenia: {\textquoteleft}Secret Sauce or Wild Abandon?{\textquoteright}},
	author = {Buckley, Peter F.},
	year = {2012},
	month = {12},
	date = {2012-12-20},
	publisher = {Springer Netherlands},
	pages = {3--10},
	doi = {10.1007/978-94-007-5799-8_1},
	url = {http://dx.doi.org/10.1007/978-94-007-5799-8_1}
}

@article{Aggarwal2012,
	title = {Prevalence of Concomitant Oral Antipsychotic Drug Use Among Patients Treated With Long-Acting, Intramuscular, Antipsychotic Medications},
	author = {Aggarwal, Neil Krishan and Sernyak, Michael J. and Rosenheck, Robert A.},
	year = {2012},
	month = {06},
	date = {2012-06},
	journal = {Journal of Clinical Psychopharmacology},
	pages = {323--328},
	volume = {32},
	number = {3},
	doi = {10.1097/jcp.0b013e31825244f6},
	url = {http://dx.doi.org/10.1097/JCP.0b013e31825244f6},
	langid = {en}
}

@article{doshi2015,
	title = {Concurrent Oral Antipsychotic Drug Use Among Schizophrenia Patients Initiated on Long-Acting Injectable Antipsychotics Post-Hospital Discharge},
	author = {Doshi, Jalpa A. and Pettit, Amy R. and Stoddard, Jeffrey J. and Zummo, Jacqueline and Marcus, Steven C.},
	year = {2015},
	month = {08},
	date = {2015-08},
	journal = {Journal of Clinical Psychopharmacology},
	pages = {442--446},
	volume = {35},
	number = {4},
	doi = {10.1097/jcp.0000000000000353},
	url = {http://dx.doi.org/10.1097/JCP.0000000000000353},
	langid = {en}
}

@article{Scangos2016,
	title = {Multiple Long-Acting Injectable Antipsychotics for Treatment-Resistant Schizophrenia},
	author = {Scangos, Katherine W. and Caton, Michael and Newman, William J.},
	year = {2016},
	month = {06},
	date = {2016-06},
	journal = {Journal of Clinical Psychopharmacology},
	pages = {283--285},
	volume = {36},
	number = {3},
	doi = {10.1097/jcp.0000000000000505},
	url = {http://dx.doi.org/10.1097/JCP.0000000000000505},
	langid = {en}
}

@article{Mathew2018,
	title = {Use of two long-acting injectable antipsychotics for treatment-resistant schizophrenia},
	author = {Mathew, Cyriac and Venkatesh, Sujatha A and Tirupati, Srinivasan},
	year = {2018},
	month = {10},
	date = {2018-10-08},
	journal = {Australian & New Zealand Journal of Psychiatry},
	pages = {1098--1099},
	volume = {52},
	number = {11},
	doi = {10.1177/0004867418804059},
	url = {http://dx.doi.org/10.1177/0004867418804059},
	langid = {en}
}

@article{dold2014,
	title = {Pharmacotherapy of treatment-resistant schizophrenia: a clinical perspective},
	author = {Dold, Markus and Leucht, Stefan},
	year = {2014},
	month = {04},
	date = {2014-04-08},
	journal = {Evidence Based Mental Health},
	pages = {33--37},
	volume = {17},
	number = {2},
	doi = {10.1136/eb-2014-101813},
	url = {http://dx.doi.org/10.1136/eb-2014-101813},
	langid = {en}
}
