
@article{McEvoy1991,
	title = {Optimal Dose of Neuroleptic in Acute Schizophrenia},
	author = {McEvoy, Joseph P.},
	year = {1991},
	month = {08},
	date = {1991-08-01},
	journal = {Archives of General Psychiatry},
	pages = {739},
	volume = {48},
	number = {8},
	doi = {10.1001/archpsyc.1991.01810320063009},
	url = {http://dx.doi.org/10.1001/archpsyc.1991.01810320063009},
	langid = {en}
}

@article{Wiersma1998,
	title = {Natural Course of Schizophrenic Disorders: A 15-Year Followup of a Dutch Incidence Cohort},
	author = {Wiersma, D. and Nienhuis, F. J. and Slooff, C. J. and Giel, R.},
	year = {1998},
	month = {01},
	date = {1998-01-01},
	journal = {Schizophrenia Bulletin},
	pages = {75--85},
	volume = {24},
	number = {1},
	doi = {10.1093/oxfordjournals.schbul.a033315},
	url = {http://dx.doi.org/10.1093/oxfordjournals.schbul.a033315},
	langid = {en}
}

@article{agid2011,
	title = {An Algorithm-Based Approach to First-Episode Schizophrenia},
	author = {Agid, Ofer and Arenovich, Tamara and Sajeev, Gautam and Zipursky, Robert B. and Kapur, Shitij and Foussias, George and Remington, Gary},
	year = {2011},
	month = {03},
	date = {2011-03-08},
	journal = {The Journal of Clinical Psychiatry},
	pages = {1439--1444},
	volume = {72},
	number = {11},
	doi = {10.4088/jcp.09m05785yel},
	url = {http://dx.doi.org/10.4088/JCP.09m05785yel}
}

@article{kolakowska1985,
	title = {Schizophrenia with Good and Poor Outcome},
	author = {Kolakowska, T. and Williams, A. O. and Jambor, K. and Ardern, M.},
	year = {1985},
	month = {04},
	date = {1985-04},
	journal = {British Journal of Psychiatry},
	pages = {348--357},
	volume = {146},
	number = {4},
	doi = {10.1192/bjp.146.4.348},
	url = {http://dx.doi.org/10.1192/bjp.146.4.348},
	langid = {en}
}

@article{kane2019,
	title = {Clinical Guidance on the Identification and Management of Treatment-Resistant Schizophrenia},
	author = {Kane, John M. and Agid, Ofer and Baldwin, Marjorie L. and Howes, Oliver and Lindenmayer, Jean-Pierre and Marder, Stephen and Olfson, Mark and Potkin, Steven G. and Correll, Christoph U.},
	year = {2019},
	month = {03},
	date = {2019-03-05},
	journal = {The Journal of Clinical Psychiatry},
	volume = {80},
	number = {2},
	doi = {10.4088/jcp.18com12123},
	url = {http://dx.doi.org/10.4088/JCP.18com12123}
}

@article{kane1988,
	title = {Clozapine for the treatment-resistant schizophrenic. A double-blind comparison with chlorpromazine},
	author = {Kane, J. and Honigfeld, G. and Singer, J. and Meltzer, H.},
	year = {1988},
	month = {09},
	date = {1988-09},
	journal = {Archives of General Psychiatry},
	pages = {789--796},
	volume = {45},
	number = {9},
	doi = {10.1001/archpsyc.1988.01800330013001},
	note = {PMID: 3046553},
	langid = {eng}
}

@article{samara2016,
	title = {Efficacy, Acceptability, and Tolerability of Antipsychotics in Treatment-Resistant Schizophrenia},
	author = {Samara, Myrto T. and Dold, Markus and Gianatsi, Myrsini and Nikolakopoulou, Adriani and Helfer, Bartosz and Salanti, Georgia and Leucht, Stefan},
	year = {2016},
	month = {03},
	date = {2016-03-01},
	journal = {JAMA Psychiatry},
	pages = {199},
	volume = {73},
	number = {3},
	doi = {10.1001/jamapsychiatry.2015.2955},
	url = {http://dx.doi.org/10.1001/jamapsychiatry.2015.2955},
	langid = {en}
}

@article{remington2013,
	title = {Clozapine{\textquoteright}s Role in the Treatment of First-Episode Schizophrenia},
	author = {Remington, Gary and Agid, Ofer and Foussias, George and Hahn, Margaret and Rao, Naren and Sinyor, Mark},
	year = {2013},
	month = {02},
	date = {2013-02},
	journal = {American Journal of Psychiatry},
	pages = {146{\textendash}151},
	volume = {170},
	number = {2},
	doi = {10.1176/appi.ajp.2012.12060778},
	url = {http://dx.doi.org/10.1176/appi.ajp.2012.12060778}
}

@article{remington2012,
	title = {Clozapine and therapeutic drug monitoring: is there sufficient evidence for an upper threshold?},
	author = {Remington, Gary and Agid, Ofer and Foussias, George and Ferguson, Larissa and McDonald, Krysta and Powell, Valerie},
	year = {2012},
	month = {11},
	date = {2012-11-22},
	journal = {Psychopharmacology},
	pages = {505--518},
	volume = {225},
	number = {3},
	doi = {10.1007/s00213-012-2922-7},
	url = {http://dx.doi.org/10.1007/s00213-012-2922-7},
	langid = {en}
}

@article{faden2019,
	title = {<p>Examining the safety, efficacy, and patient acceptability of inhaled loxapine for the acute treatment of agitation associated with schizophrenia or bipolar I disorder in adults</p>},
	author = {Faden, Justin and Citrome, Leslie},
	year = {2019},
	month = {08},
	date = {2019-08},
	journal = {Neuropsychiatric Disease and Treatment},
	pages = {2273--2283},
	volume = {Volume 15},
	doi = {10.2147/ndt.s173567},
	url = {http://dx.doi.org/10.2147/NDT.S173567},
	langid = {en}
}

@article{siskind2016,
	title = {Clozapine {\emph{v}}. first- and second-generation antipsychotics in treatment-refractory schizophrenia: systematic review and meta-analysis},
	author = {Siskind, Dan and McCartney, Lara and Goldschlager, Romi and Kisely, Steve},
	year = {2016},
	month = {11},
	date = {2016-11},
	journal = {British Journal of Psychiatry},
	pages = {385--392},
	volume = {209},
	number = {5},
	doi = {10.1192/bjp.bp.115.177261},
	url = {http://dx.doi.org/10.1192/bjp.bp.115.177261},
	langid = {en}
}

@article{roberts2018,
	title = {A quantitative analysis of antipsychotic prescribing trends for the treatment of schizophrenia in England and Wales},
	author = {Roberts, Rossela and Neasham, Abigail and Lambrinudi, Chania and Khan, Afshan},
	year = {2018},
	month = {04},
	date = {2018-04},
	journal = {JRSM Open},
	pages = {205427041875857},
	volume = {9},
	number = {4},
	doi = {10.1177/2054270418758570},
	url = {http://dx.doi.org/10.1177/2054270418758570},
	langid = {en}
}

@article{Warnez2014,
	title = {Clozapine: a review of clinical practice guidelines and prescribing trends},
	author = {Warnez, Stephanie and Alessi-Severini, Silvia},
	year = {2014},
	month = {04},
	date = {2014-04-07},
	journal = {BMC Psychiatry},
	volume = {14},
	number = {1},
	doi = {10.1186/1471-244x-14-102},
	url = {http://dx.doi.org/10.1186/1471-244X-14-102},
	langid = {en}
}

@article{Stahl2014,
	title = {Clozapine: Is Now the Time for More Clinicians to Adopt This Orphan?},
	author = {Stahl, Stephen M.},
	year = {2014},
	month = {08},
	date = {2014-08},
	journal = {CNS Spectrums},
	pages = {279--281},
	volume = {19},
	number = {4},
	doi = {10.1017/s1092852914000418},
	url = {http://dx.doi.org/10.1017/S1092852914000418},
	langid = {en}
}

@article{birchwood1998,
	title = {Early intervention in psychosis. The critical period hypothesis},
	author = {Birchwood, M. and Todd, P. and Jackson, C.},
	year = {1998},
	date = {1998},
	journal = {The British Journal of Psychiatry. Supplement},
	pages = {53--59},
	volume = {172},
	number = {33},
	note = {PMID: 9764127},
	langid = {eng}
}

@article{garety2005,
	title = {Reasoning, Emotions, and Delusional Conviction in Psychosis.},
	author = {Garety, Philippa A. and Freeman, Daniel and Jolley, Suzanne and Dunn, Graham and Bebbington, Paul E. and Fowler, David G. and Kuipers, Elizabeth and Dudley, Robert},
	year = {2005},
	month = {08},
	date = {2005-08},
	journal = {Journal of Abnormal Psychology},
	pages = {373--384},
	volume = {114},
	number = {3},
	doi = {10.1037/0021-843x.114.3.373},
	url = {http://dx.doi.org/10.1037/0021-843X.114.3.373},
	langid = {en}
}

@article{garety2000,
	title = {Early intervention in psychosis},
	author = {Garety, Philippa and Jolley, Suzanne},
	year = {2000},
	month = {09},
	date = {2000-09},
	journal = {Psychiatric Bulletin},
	pages = {321--323},
	volume = {24},
	number = {9},
	doi = {10.1192/pb.24.9.321},
	url = {http://dx.doi.org/10.1192/pb.24.9.321},
	langid = {en}
}

@article{üçok2015,
	title = {Delayed initiation of clozapine may be related to poor response in treatment-resistant schizophrenia},
	author = {{Üçok}, Alp and {Çikrikçili}, {U{\u{g}}ur} and Karabulut, Sercan and Salaj, Ada and {Öztürk}, Meliha and Tabak, {Öznur} and Durak, {Rümeysa}},
	year = {2015},
	month = {09},
	date = {2015-09},
	journal = {International Clinical Psychopharmacology},
	pages = {290--295},
	volume = {30},
	number = {5},
	doi = {10.1097/yic.0000000000000086},
	url = {http://dx.doi.org/10.1097/YIC.0000000000000086},
	langid = {en}
}

@article{yoshimura2017,
	title = {The critical treatment window of clozapine in treatment-resistant schizophrenia: Secondary analysis of an observational study},
	author = {Yoshimura, Bunta and Yada, Yuji and So, Ryuhei and Takaki, Manabu and Yamada, Norihito},
	year = {2017},
	month = {04},
	date = {2017-04},
	journal = {Psychiatry Research},
	pages = {65--70},
	volume = {250},
	doi = {10.1016/j.psychres.2017.01.064},
	url = {http://dx.doi.org/10.1016/j.psychres.2017.01.064},
	langid = {en}
}

@article{miyamoto2015,
	title = {Schizophrenia},
	author = {Miyamoto, Seiya and Jarskog, Lars Fredrik and Fleischhacker, W. Wolfgang},
	year = {2015},
	month = {05},
	date = {2015-05},
	journal = {Current Opinion in Psychiatry},
	pages = {243--248},
	volume = {28},
	number = {3},
	doi = {10.1097/yco.0000000000000159},
	url = {http://dx.doi.org/10.1097/YCO.0000000000000159},
	langid = {en}
}

@article{hennen2005,
	title = {Suicidal risk during treatment with clozapine: a meta-analysis},
	author = {Hennen, John and Baldessarini, Ross J.},
	year = {2005},
	month = {03},
	date = {2005-03},
	journal = {Schizophrenia Research},
	pages = {139--145},
	volume = {73},
	number = {2-3},
	doi = {10.1016/j.schres.2004.05.015},
	url = {http://dx.doi.org/10.1016/j.schres.2004.05.015},
	langid = {en}
}

@article{meltzer2003,
	title = {Clozapine Treatment for Suicidality in Schizophrenia<subtitle>International Suicide Prevention Trial (InterSePT)</subtitle>},
	author = {Meltzer, Herbert Y.},
	year = {2003},
	month = {01},
	date = {2003-01-01},
	journal = {Archives of General Psychiatry},
	pages = {82},
	volume = {60},
	number = {1},
	doi = {10.1001/archpsyc.60.1.82},
	url = {http://dx.doi.org/10.1001/archpsyc.60.1.82},
	langid = {en}
}

@article{wimberley2017,
	title = {Mortality and Self-Harm in Association With Clozapine in Treatment-Resistant Schizophrenia},
	author = {Wimberley, Theresa and MacCabe, James H. and Laursen, Thomas M. and {Sørensen}, Holger J. and Astrup, Aske and Horsdal, Henriette T. and Gasse, Christiane and {Støvring}, Henrik},
	year = {2017},
	month = {10},
	date = {2017-10},
	journal = {American Journal of Psychiatry},
	pages = {990--998},
	volume = {174},
	number = {10},
	doi = {10.1176/appi.ajp.2017.16091097},
	url = {http://dx.doi.org/10.1176/appi.ajp.2017.16091097},
	langid = {en}
}

@article{frogley2012,
	title = {A systematic review of the evidence of clozapine's anti-aggressive effects},
	author = {Frogley, Catherine and Taylor, David and Dickens, Geoff and Picchioni, Marco},
	year = {2012},
	month = {02},
	date = {2012-02-20},
	journal = {The International Journal of Neuropsychopharmacology},
	pages = {1351--1371},
	volume = {15},
	number = {09},
	doi = {10.1017/s146114571100201x},
	url = {http://dx.doi.org/10.1017/S146114571100201X},
	langid = {en}
}

@article{kane2019a,
	title = {Clinical Guidance on the Identification and Management of Treatment-Resistant Schizophrenia},
	author = {Kane, John M. and Agid, Ofer and Baldwin, Marjorie L. and Howes, Oliver and Lindenmayer, Jean-Pierre and Marder, Stephen and Olfson, Mark and Potkin, Steven G. and Correll, Christoph U.},
	year = {2019},
	month = {03},
	date = {2019-03-05},
	journal = {The Journal of Clinical Psychiatry},
	volume = {80},
	number = {2},
	doi = {10.4088/jcp.18com12123},
	url = {http://dx.doi.org/10.4088/JCP.18com12123}
}

@article{mouaffak2006,
	title = {Augmentation Strategies of Clozapine With Antipsychotics in the Treatment of Ultraresistant Schizophrenia},
	author = {Mouaffak, {Fay??al} and Tranulis, Constantin and Gourevitch, Raphael and Poirier, Marie-France and Douki, Saida and {Oli??}, Jean-Pierre and {L??o}, Henri and Gourion, David},
	year = {2006},
	month = {01},
	date = {2006-01},
	journal = {Clinical Neuropharmacology},
	pages = {28--33},
	volume = {29},
	number = {1},
	doi = {10.1097/00002826-200601000-00009},
	url = {http://dx.doi.org/10.1097/00002826-200601000-00009},
	langid = {en}
}

@article{williams2014,
	title = {Seizure Associated with Clozapine: Incidence, Etiology, and Management},
	author = {Williams, Andrew M. and Park, Susie H.},
	year = {2014},
	month = {12},
	date = {2014-12-25},
	journal = {CNS Drugs},
	pages = {101--111},
	volume = {29},
	number = {2},
	doi = {10.1007/s40263-014-0222-y},
	url = {http://dx.doi.org/10.1007/s40263-014-0222-y},
	langid = {en}
}

@article{Kikuchi2014,
	title = {Clozapine-induced seizures, electroencephalography abnormalities, and clinical responses in Japanese patients with schizophrenia},
	author = {Kikuchi, Yuka and Sato, Wataru and Ataka, Keiichiro and Yagisawa, Kiwamu and Omori, Yuki and Kanbayashi, Takashi and Shimizu, Tetsuo},
	year = {2014},
	month = {10},
	date = {2014-10},
	journal = {Neuropsychiatric Disease and Treatment},
	pages = {1973},
	doi = {10.2147/ndt.s69784},
	url = {http://dx.doi.org/10.2147/NDT.S69784},
	langid = {en}
}

@article{Yamin2010,
	title = {Are we using excessive neuroleptics? An argument for systematic neuroleptic dose reduction in stable patients with schizophrenia with specific reference to clozapine},
	author = {Yamin, Sami and Vaddadi, Krishna},
	year = {2010},
	month = {01},
	date = {2010-01},
	journal = {International Review of Psychiatry},
	pages = {138--147},
	volume = {22},
	number = {2},
	doi = {10.3109/09540261.2010.482558},
	url = {http://dx.doi.org/10.3109/09540261.2010.482558},
	langid = {en}
}

@article{josiassen2005,
	title = {Clozapine Augmented With Risperidone in the Treatment of Schizophrenia: A Randomized, Double-Blind, Placebo-Controlled Trial},
	author = {Josiassen, Richard C. and Joseph, Ashok and Kohegyi, Eva and Stokes, Sudhir and Dadvand, Mahmood and Paing, Wynn Wynn and Shaughnessy, Rita A.},
	year = {2005},
	month = {01},
	date = {2005-01},
	journal = {American Journal of Psychiatry},
	pages = {130--136},
	volume = {162},
	number = {1},
	doi = {10.1176/appi.ajp.162.1.130},
	url = {http://dx.doi.org/10.1176/appi.ajp.162.1.130},
	langid = {en}
}

@article{honer2006,
	title = {Clozapine Alone versus Clozapine and Risperidone with Refractory Schizophrenia},
	author = {Honer, William G. and Thornton, Allen E. and Chen, Eric Y.H. and Chan, Raymond C.K. and Wong, Jessica O.Y. and Bergmann, Andrea and Falkai, Peter and Pomarol-Clotet, Edith and McKenna, Peter J. and Stip, Emmanuel and Williams, Richard and MacEwan, G. William and Wasan, Kishor and Procyshyn, Ric},
	year = {2006},
	month = {02},
	date = {2006-02-02},
	journal = {New England Journal of Medicine},
	pages = {472--482},
	volume = {354},
	number = {5},
	doi = {10.1056/nejmoa053222},
	url = {http://dx.doi.org/10.1056/NEJMoa053222},
	langid = {en}
}

@article{mitsonis2007,
	title = {Aripiprazole augmentation in the management of residual symptoms in clozapine-treated outpatients with chronic schizophrenia: An open-label pilot study},
	author = {Mitsonis, Charalampos I. and Dimopoulos, Nikolaos P. and Mitropoulos, Panagiotis A. and Kararizou, Evangelia G. and Katsa, Alexandra N. and Tsakiris, Fivos E. and Katsanou, Maria Nefeli E.},
	year = {2007},
	month = {03},
	date = {2007-03},
	journal = {Progress in Neuro-Psychopharmacology and Biological Psychiatry},
	pages = {373--377},
	volume = {31},
	number = {2},
	doi = {10.1016/j.pnpbp.2006.09.015},
	url = {http://dx.doi.org/10.1016/j.pnpbp.2006.09.015},
	langid = {en}
}

@article{assion2008,
	title = {Amisulpride Augmentation in Patients with Schizophrenia Partially Responsive or Unresponsive to Clozapine. A Randomized, Double-Blind, Placebo-Controlled Trial},
	author = {Assion, H.-J. and Reinbold, H. and Lemanski, S. and Basilowski, M. and Juckel, G.},
	year = {2008},
	month = {01},
	date = {2008-01},
	journal = {Pharmacopsychiatry},
	pages = {24--28},
	volume = {41},
	number = {1},
	doi = {10.1055/s-2007-993209},
	url = {http://dx.doi.org/10.1055/s-2007-993209},
	langid = {en}
}

@article{Chang2008,
	title = {Aripiprazole Augmentation in Clozapine-Treated Patients With Refractory Schizophrenia},
	author = {Chang, Jae Seung and Ahn, Yong Min and Park, Hye Jean and Lee, Kyu Young and Kim, Se Hyun and Kang, Ung Gu and Kim, Yong Sik},
	year = {2008},
	month = {05},
	date = {2008-05-15},
	journal = {The Journal of Clinical Psychiatry},
	pages = {720--731},
	volume = {69},
	number = {5},
	doi = {10.4088/jcp.v69n0505},
	url = {http://dx.doi.org/10.4088/jcp.v69n0505}
}

@article{chan2005,
	title = {Worsening of psychotic symptoms in schizophrenia with addition of lamotrigine: A case report},
	author = {Chan, Yiu-Chung and Miller, Karla M. and Shaheen, Natalie and Votolato, Nicholas A. and Hankins, Mary Beth},
	year = {2005},
	month = {10},
	date = {2005-10},
	journal = {Schizophrenia Research},
	pages = {343--345},
	volume = {78},
	number = {2-3},
	doi = {10.1016/j.schres.2005.05.007},
	url = {http://dx.doi.org/10.1016/j.schres.2005.05.007},
	langid = {en}
}

@article{paton2007,
	title = {Augmentation With a Second Antipsychotic in Patients With Schizophrenia Who Partially Respond to Clozapine},
	author = {Paton, Carol and Whittington, Craig and Barnes, Thomas R.},
	year = {2007},
	month = {04},
	date = {2007-04},
	journal = {Journal of Clinical Psychopharmacology},
	pages = {198--204},
	volume = {27},
	number = {2},
	doi = {10.1097/jcp.0b013e318036bfbb},
	url = {http://dx.doi.org/10.1097/JCP.0b013e318036bfbb},
	langid = {en}
}

@article{tiihonen2009,
	title = {The efficacy of lamotrigine in clozapine-resistant schizophrenia: A systematic review and meta-analysis},
	author = {Tiihonen, Jari and Wahlbeck, Kristian and Kiviniemi, Vesa},
	year = {2009},
	month = {04},
	date = {2009-04},
	journal = {Schizophrenia Research},
	pages = {10--14},
	volume = {109},
	number = {1-3},
	doi = {10.1016/j.schres.2009.01.002},
	url = {http://dx.doi.org/10.1016/j.schres.2009.01.002},
	langid = {en}
}

@article{zoccali2007,
	title = {The effect of lamotrigine augmentation of clozapine in a sample of treatment-resistant schizophrenic patients: A double-blind, placebo-controlled study},
	author = {Zoccali, R. and Muscatello, M.R. and Bruno, A. and Cambria, R. and {Micò}, U. and Spina, E. and Meduri, M.},
	year = {2007},
	month = {07},
	date = {2007-07},
	journal = {Schizophrenia Research},
	pages = {109--116},
	volume = {93},
	number = {1-3},
	doi = {10.1016/j.schres.2007.02.009},
	url = {http://dx.doi.org/10.1016/j.schres.2007.02.009},
	langid = {en}
}

@article{wang2018,
	title = {ECT augmentation of clozapine for clozapine-resistant schizophrenia: A meta-analysis of randomized controlled trials},
	author = {Wang, Gang and Zheng, Wei and Li, Xian-Bin and Wang, Shi-Bin and Cai, Dong-Bin and Yang, Xin-Hu and Ungvari, Gabor S. and Xiang, Yu-Tao and Correll, Christoph U.},
	year = {2018},
	month = {10},
	date = {2018-10},
	journal = {Journal of Psychiatric Research},
	pages = {23--32},
	volume = {105},
	doi = {10.1016/j.jpsychires.2018.08.002},
	url = {http://dx.doi.org/10.1016/j.jpsychires.2018.08.002},
	langid = {en}
}

@article{lee2015,
	title = {Subtyping Schizophrenia by Treatment Response: Antipsychotic Development and the Central Role of Positive Symptoms},
	author = {Lee, Jimmy and Takeuchi, Hiroyoshi and Fervaha, Gagan and Sin, Gwen Li and Foussias, George and Agid, Ofer and Farooq, Saeed and Remington, Gary},
	year = {2015},
	month = {11},
	date = {2015-11},
	journal = {The Canadian Journal of Psychiatry},
	pages = {515--522},
	volume = {60},
	number = {11},
	doi = {10.1177/070674371506001107},
	url = {http://dx.doi.org/10.1177/070674371506001107},
	langid = {en}
}

@article{anderson2015,
	title = {Does cognitive impairment in treatment-resistant and ultra-treatment-resistant schizophrenia differ from that in treatment responders?},
	author = {Anderson, Valerie M. and McIlwain, Meghan E. and Kydd, Robert R. and Russell, Bruce R.},
	year = {2015},
	month = {12},
	date = {2015-12},
	journal = {Psychiatry Research},
	pages = {811--818},
	volume = {230},
	number = {3},
	doi = {10.1016/j.psychres.2015.10.036},
	url = {http://dx.doi.org/10.1016/j.psychres.2015.10.036},
	langid = {en}
}

@article{siskind2017,
	title = {Clozapine Response Rates among People with Treatment-Resistant Schizophrenia: Data from a Systematic Review and Meta-Analysis},
	author = {Siskind, Dan and Siskind, Victor and Kisely, Steve},
	year = {2017},
	month = {06},
	date = {2017-06-28},
	journal = {The Canadian Journal of Psychiatry},
	pages = {772--777},
	volume = {62},
	number = {11},
	doi = {10.1177/0706743717718167},
	url = {http://dx.doi.org/10.1177/0706743717718167},
	langid = {en}
}

@article{agid2011a,
	title = {An Algorithm-Based Approach to First-Episode Schizophrenia},
	author = {Agid, Ofer and Arenovich, Tamara and Sajeev, Gautam and Zipursky, Robert B. and Kapur, Shitij and Foussias, George and Remington, Gary},
	year = {2011},
	month = {03},
	date = {2011-03-08},
	journal = {The Journal of Clinical Psychiatry},
	pages = {1439--1444},
	volume = {72},
	number = {11},
	doi = {10.4088/jcp.09m05785yel},
	url = {http://dx.doi.org/10.4088/JCP.09m05785yel}
}

@article{lally2016,
	title = {Treatment-resistant schizophrenia: current insights on the pharmacogenomics of antipsychotics},
	author = {Lally, John and Gaughran, Fiona and Timms, Philip and Curran, Sarah},
	year = {2016},
	month = {11},
	date = {2016-11},
	journal = {Pharmacogenomics and Personalized Medicine},
	pages = {117--129},
	volume = {Volume 9},
	doi = {10.2147/PGPM.S115741},
	url = {https://www.dovepress.com/treatment-resistant-schizophrenia-current-insights-on-the-pharmacogeno-peer-reviewed-article-PGPM},
	langid = {en}
}

@article{demjaha2017,
	title = {Antipsychotic treatment resistance in first-episode psychosis: prevalence, subtypes and predictors},
	author = {Demjaha, A. and Lappin, J. M. and Stahl, D. and Patel, M. X. and MacCabe, J. H. and Howes, O. D. and Heslin, M. and Reininghaus, U. A. and Donoghue, K. and Lomas, B. and Charalambides, M. and Onyejiaka, A. and Fearon, P. and Jones, P. and Doody, G. and Morgan, C. and Dazzan, P. and Murray, R. M.},
	year = {2017},
	month = {04},
	date = {2017-04-11},
	journal = {Psychological Medicine},
	pages = {1981--1989},
	volume = {47},
	number = {11},
	doi = {10.1017/s0033291717000435},
	url = {http://dx.doi.org/10.1017/S0033291717000435},
	langid = {en}
}

@article{Dossenbach2000,
	title = {The effectiveness of olanzapine in treatment-refractory schizophrenia when patients are nonresponsive to or unable to tolerate clozapine},
	author = {Dossenbach, Martin R.K. and Beuzen, Jean-Noel and Avnon, Moshe and Belmaker, Robert H. and Elizur, Avner and Mark, Mordechai and Munitz, Hanan and Schneidman, Michael and Shoshani, David and Kratky, Petra and Grundy, Starr Lee and Tollefson, Gary D.},
	year = {2000},
	month = {09},
	date = {2000-09},
	journal = {Clinical Therapeutics},
	pages = {1021--1034},
	volume = {22},
	number = {9},
	doi = {10.1016/s0149-2918(00)80082-x},
	url = {http://dx.doi.org/10.1016/s0149-2918(00)80082-x},
	langid = {en}
}

@article{Feeley2017,
	title = {Effective Switch From Clozapine to Aripiprazole in Treatment-Resistant Schizophrenia and Comorbid Alcohol Use Disorder},
	author = {Feeley, Robert J. and Arnaout, Bachaar and Yoon, Gihyun},
	year = {2017},
	month = {12},
	date = {2017-12},
	journal = {Journal of Clinical Psychopharmacology},
	pages = {729--730},
	volume = {37},
	number = {6},
	doi = {10.1097/jcp.0000000000000794},
	url = {http://dx.doi.org/10.1097/JCP.0000000000000794},
	langid = {en}
}

@article{Martínez-Andrés2020,
	title = {Switching from clozapine to paliperidone palmitate-3-monthly improved obesity, hyperglycemia and dyslipidemia lowering antipsychotic dose equivalents in a treatment-resistant schizophrenia cohort},
	author = {{Martínez-Andrés}, {Juan Andrés} and {García-Carmona}, Juan Antonio},
	year = {2020},
	month = {05},
	date = {2020-05},
	journal = {International Clinical Psychopharmacology},
	pages = {163--169},
	volume = {35},
	number = {3},
	doi = {10.1097/yic.0000000000000300},
	url = {http://dx.doi.org/10.1097/YIC.0000000000000300},
	langid = {en}
}

@article{kim2018,
	title = {Combination of Electroconvulsive Therapy and Clozapine in Treatment-Resistant Schizophrenia},
	author = {Kim, Jung Hyun and Youn, Tak and Choi, Jun Gwon and Jeong, Seong Hoon and Jung, Hee Yeon and Kim, Yong Sik and Chung, In Won},
	year = {2018},
	month = {08},
	date = {2018-08-25},
	journal = {Psychiatry Investigation},
	pages = {829--835},
	volume = {15},
	number = {8},
	doi = {10.30773/pi.2018.05.15},
	url = {http://dx.doi.org/10.30773/pi.2018.05.15},
	langid = {en}
}

@article{barbui2008,
	title = {Does the Addition of a Second Antipsychotic Drug Improve Clozapine Treatment?},
	author = {Barbui, C. and Signoretti, A. and Mule, S. and Boso, M. and Cipriani, A.},
	year = {2008},
	month = {04},
	date = {2008-04-23},
	journal = {Schizophrenia Bulletin},
	pages = {458--468},
	volume = {35},
	number = {2},
	doi = {10.1093/schbul/sbn030},
	url = {http://dx.doi.org/10.1093/schbul/sbn030},
	langid = {en}
}

@article{taylor2011,
	title = {Augmentation of clozapine with a second antipsychotic - a meta-analysis},
	author = {Taylor, D. M. and Smith, L. and Gee, S. H. and Nielsen, J.},
	year = {2011},
	month = {11},
	date = {2011-11-12},
	journal = {Acta Psychiatrica Scandinavica},
	pages = {15--24},
	volume = {125},
	number = {1},
	doi = {10.1111/j.1600-0447.2011.01792.x},
	url = {http://dx.doi.org/10.1111/j.1600-0447.2011.01792.x},
	langid = {en}
}

@article{bartoli2019,
	title = {Adjunctive second-generation antipsychotics for specific symptom domains of schizophrenia resistant to clozapine: A meta-analysis},
	author = {Bartoli, Francesco and Crocamo, Cristina and Di Brita, Carmen and Esposito, Giovanni and Tabacchi, Tommaso Innocenzo and Verrengia, Enrica and Clerici, Massimo and {Carrà}, Giuseppe},
	year = {2019},
	month = {01},
	date = {2019-01},
	journal = {Journal of Psychiatric Research},
	pages = {24--33},
	volume = {108},
	doi = {10.1016/j.jpsychires.2018.11.005},
	url = {http://dx.doi.org/10.1016/j.jpsychires.2018.11.005},
	langid = {en}
}

@article{wagner2019,
	title = {Clozapine augmentation strategies {\textendash} a systematic meta-review of available evidence. Treatment options for clozapine resistance},
	author = {Wagner, Elias and {Löhrs}, Lisa and Siskind, Dan and Honer, William G and Falkai, Peter and Hasan, Alkomiet},
	year = {2019},
	month = {01},
	date = {2019-01-30},
	journal = {Journal of Psychopharmacology},
	pages = {423--435},
	volume = {33},
	number = {4},
	doi = {10.1177/0269881118822171},
	url = {http://dx.doi.org/10.1177/0269881118822171},
	langid = {en}
}

@article{Tiihonen2019,
	title = {Association of Antipsychotic Polypharmacy vs Monotherapy With Psychiatric Rehospitalization Among Adults With Schizophrenia},
	author = {Tiihonen, Jari and Taipale, Heidi and {Mehtälä}, Juha and Vattulainen, Pia and Correll, Christoph U. and Tanskanen, Antti},
	year = {2019},
	month = {05},
	date = {2019-05-01},
	journal = {JAMA Psychiatry},
	pages = {499},
	volume = {76},
	number = {5},
	doi = {10.1001/jamapsychiatry.2018.4320},
	url = {http://dx.doi.org/10.1001/jamapsychiatry.2018.4320},
	langid = {en}
}

@article{Barbui2011,
	title = {Aripiprazole Versus Haloperidol in Combination With Clozapine for Treatment-Resistant Schizophrenia in Routine Clinical Care},
	author = {Barbui, Corrado and Accordini, Simone and {Nosè}, Michela and Stroup, Scott and Purgato, Marianna and Girlanda, Francesca and Esposito, Eleonora and Veronese, Antonio and Tansella, Michele and Cipriani, Andrea},
	year = {2011},
	month = {06},
	date = {2011-06},
	journal = {Journal of Clinical Psychopharmacology},
	pages = {266--273},
	volume = {31},
	number = {3},
	doi = {10.1097/jcp.0b013e318219cba3},
	url = {http://dx.doi.org/10.1097/JCP.0b013e318219cba3},
	langid = {en}
}

@article{Cipriani2013,
	title = {Aripiprazole Versus Haloperidol in Combination With Clozapine for Treatment-Resistant Schizophrenia},
	author = {Cipriani, Andrea and Accordini, Simone and {Nosè}, Michela and Purgato, Marianna and Girlanda, Francesca and Tansella, Michele and Barbui, Corrado},
	year = {2013},
	month = {08},
	date = {2013-08},
	journal = {Journal of Clinical Psychopharmacology},
	pages = {533--537},
	volume = {33},
	number = {4},
	doi = {10.1097/jcp.0b013e318296884f},
	url = {http://dx.doi.org/10.1097/JCP.0b013e318296884f},
	langid = {en}
}

@article{Quarta2011,
	title = {Effects of lamotrigine on PCP-evoked elevations in monoamine levels in the medial prefrontal cortex of freely moving rats},
	author = {Quarta, Davide and Large, Charles H},
	year = {2010},
	month = {11},
	date = {2010-11-01},
	journal = {Journal of Psychopharmacology},
	pages = {1703--1711},
	volume = {25},
	number = {12},
	doi = {10.1177/0269881110385598},
	url = {http://dx.doi.org/10.1177/0269881110385598},
	langid = {en}
}

@article{Large2005,
	title = {The potential role of lamotrigine in schizophrenia},
	author = {Large, Charles H. and Webster, Elizabeth L. and Goff, Donald C.},
	year = {2005},
	month = {07},
	date = {2005-07-06},
	journal = {Psychopharmacology},
	pages = {415--436},
	volume = {181},
	number = {3},
	doi = {10.1007/s00213-005-0020-9},
	url = {http://dx.doi.org/10.1007/s00213-005-0020-9},
	langid = {en}
}

@article{dursun1999,
	title = {Clozapine Plus Lamotrigine in Treatment-Resistant Schizophrenia},
	author = {Dursun, Serdar M. and McIntosh, Diane and Milliken, Heather},
	year = {1999},
	month = {10},
	date = {1999-10-01},
	journal = {Archives of General Psychiatry},
	pages = {950},
	volume = {56},
	number = {10},
	doi = {10.1001/archpsyc.56.10.950},
	url = {http://dx.doi.org/10.1001/archpsyc.56.10.950},
	langid = {en}
}

@article{Zheng2017,
	title = {Clozapine Augmentation With Antiepileptic Drugs for Treatment-Resistant Schizophrenia},
	author = {Zheng, Wei and Xiang, Yu-Tao and Yang, Xin-Hu and Xiang, Ying-Qiang and de Leon, Jose},
	year = {2017},
	month = {05},
	date = {2017-05-24},
	journal = {The Journal of Clinical Psychiatry},
	pages = {e498--e505},
	volume = {78},
	number = {5},
	doi = {10.4088/jcp.16r10782},
	url = {http://dx.doi.org/10.4088/JCP.16r10782}
}

@article{Sommer2012,
	title = {Pharmacological Augmentation Strategies for Schizophrenia Patients With Insufficient Response to Clozapine: A Quantitative Literature Review},
	author = {Sommer, Iris E. and Begemann, Marieke J. H. and Temmerman, Anke and Leucht, Stefan},
	year = {2011},
	month = {03},
	date = {2011-03-21},
	journal = {Schizophrenia Bulletin},
	pages = {1003--1011},
	volume = {38},
	number = {5},
	doi = {10.1093/schbul/sbr004},
	url = {http://dx.doi.org/10.1093/schbul/sbr004},
	langid = {en}
}

@article{Lowe2018,
	title = {When the drugs don{\textquoteright}t work: treatment-resistant schizophrenia, serotonin and serendipity},
	author = {Lowe, Penelope and Krivoy, Amir and Porffy, Lilla and Henriksdottir, Erna and Eromona, Whiskey and Shergill, Sukhwinder S.},
	year = {2017},
	month = {11},
	date = {2017-11-02},
	journal = {Therapeutic Advances in Psychopharmacology},
	pages = {63--70},
	volume = {8},
	number = {1},
	doi = {10.1177/2045125317737003},
	url = {http://dx.doi.org/10.1177/2045125317737003},
	langid = {en}
}

@article{chan2019,
	title = {Clinical effectiveness and speed of response of electroconvulsive therapy in treatment{-}resistant schizophrenia},
	author = {Chan, Christopher Yi Wen and Abdin, Edimansyah and Seow, Esmond and Subramaniam, Mythily and Liu, Jianlin and Peh, Chao Xu and Tor, Phern Chern},
	year = {2019},
	month = {06},
	date = {2019-06},
	journal = {Psychiatry and Clinical Neurosciences},
	pages = {416--422},
	volume = {73},
	number = {7},
	doi = {10.1111/pcn.12855},
	url = {http://dx.doi.org/10.1111/pcn.12855},
	langid = {en}
}
