
@article{rzesnitzek2013,
	title = {{\textquotedblleft}Early Psychosis{\textquotedblright} as a mirror of biologist controversies in post-war German, Anglo-Saxon, and Soviet Psychiatry{\textdagger}},
	author = {Rzesnitzek, Lara},
	year = {2013},
	date = {2013},
	journal = {Frontiers in Psychology},
	volume = {4},
	doi = {10.3389/fpsyg.2013.00481},
	url = {http://dx.doi.org/10.3389/fpsyg.2013.00481}
}

@article{birchwood1998,
	title = {Early intervention in psychosis. The critical period hypothesis},
	author = {Birchwood, M. and Todd, P. and Jackson, C.},
	year = {1998},
	date = {1998},
	journal = {The British Journal of Psychiatry. Supplement},
	pages = {53--59},
	volume = {172},
	number = {33},
	note = {PMID: 9764127},
	langid = {eng}
}

@article{birchwood1993,
	title = {Depression, demoralization and control over psychotic illness: a comparison of depressed and non-depressed patients with a chronic psychosis},
	author = {Birchwood, M. and Mason, R. and MacMillan, F. and Healy, J.},
	year = {1993},
	month = {05},
	date = {1993-05},
	journal = {Psychological Medicine},
	pages = {387--395},
	volume = {23},
	number = {2},
	doi = {10.1017/s0033291700028488},
	url = {http://dx.doi.org/10.1017/S0033291700028488},
	langid = {en}
}

@article{yung1996,
	title = {The Prodromal Phase of First-episode Psychosis: Past and Current Conceptualizations},
	author = {Yung, A. R. and McGorry, P. D.},
	year = {1996},
	month = {01},
	date = {1996-01-01},
	journal = {Schizophrenia Bulletin},
	pages = {353--370},
	volume = {22},
	number = {2},
	doi = {10.1093/schbul/22.2.353},
	url = {http://dx.doi.org/10.1093/schbul/22.2.353},
	langid = {en}
}

@article{yung2013,
	title = {The Ultra-High Risk Concept{\textemdash}A Review},
	author = {Yung, Alison R and Nelson, Barnaby},
	year = {2013},
	month = {01},
	date = {2013-01},
	journal = {The Canadian Journal of Psychiatry},
	pages = {5--12},
	volume = {58},
	number = {1},
	doi = {10.1177/070674371305800103},
	url = {http://dx.doi.org/10.1177/070674371305800103},
	langid = {en}
}

@article{addington2011,
	title = {At Clinical High Risk for Psychosis: Outcome for Nonconverters},
	author = {Addington, Jean and Cornblatt, Barbara A. and Cadenhead, Kristin S. and Cannon, Tyrone D. and McGlashan, Thomas H. and Perkins, Diana O. and Seidman, Larry J. and Tsuang, Ming T. and Walker, Elaine F. and Woods, Scott W. and Heinssen, Robert},
	year = {2011},
	month = {08},
	date = {2011-08},
	journal = {American Journal of Psychiatry},
	pages = {800--805},
	volume = {168},
	number = {8},
	doi = {10.1176/appi.ajp.2011.10081191},
	url = {http://dx.doi.org/10.1176/appi.ajp.2011.10081191},
	langid = {en}
}

@article{klosterkötter2001,
	title = {Diagnosing Schizophrenia in the Initial Prodromal Phase},
	author = {{Klosterkötter}, Joachim and Hellmich, Martin and Steinmeyer, Eckhard M. and Schultze-Lutter, Frauke},
	year = {2001},
	month = {02},
	date = {2001-02-01},
	journal = {Archives of General Psychiatry},
	pages = {158},
	volume = {58},
	number = {2},
	doi = {10.1001/archpsyc.58.2.158},
	url = {http://dx.doi.org/10.1001/archpsyc.58.2.158},
	langid = {en}
}

@article{correll2010,
	title = {Research in people with psychosis risk syndrome: a review of the current evidence and future directions},
	author = {Correll, Christoph U. and Hauser, Marta and Auther, Andrea M. and Cornblatt, Barbara A.},
	year = {2010},
	month = {02},
	date = {2010-02-26},
	journal = {Journal of Child Psychology and Psychiatry},
	pages = {390--431},
	volume = {51},
	number = {4},
	doi = {10.1111/j.1469-7610.2010.02235.x},
	url = {http://dx.doi.org/10.1111/j.1469-7610.2010.02235.x},
	langid = {en}
}

@article{carpenter2011,
	title = {Should Attenuated Psychosis Syndrome Be a DSM-5 Diagnosis?},
	author = {Carpenter, William T. and van Os, Jim},
	year = {2011},
	month = {05},
	date = {2011-05},
	journal = {American Journal of Psychiatry},
	pages = {460--463},
	volume = {168},
	number = {5},
	doi = {10.1176/appi.ajp.2011.10121816},
	url = {http://dx.doi.org/10.1176/appi.ajp.2011.10121816},
	langid = {en}
}

@article{seiler2020,
	title = {Terminology and assessment tools of psychosis: A systematic narrative review},
	author = {Seiler, Natalie and Nguyen, Tony and Yung, Alison and {O'Donoghue}, Brian},
	year = {2020},
	month = {04},
	date = {2020-04},
	journal = {Psychiatry and Clinical Neurosciences},
	pages = {226--246},
	volume = {74},
	number = {4},
	doi = {10.1111/pcn.12966},
	url = {http://dx.doi.org/10.1111/pcn.12966},
	langid = {en}
}

@article{subramaniam2007,
	title = {Diagnostic Stability 2 Years After Treatment Initiation in the Early Psychosis Intervention Programme in Singapore},
	author = {Subramaniam, Mythily and Pek, Elaine and Verma, Swapna and Huak Chan, Yiong and Ann Chong, Siow},
	year = {2007},
	month = {06},
	date = {2007-06},
	journal = {Australian & New Zealand Journal of Psychiatry},
	pages = {495--500},
	volume = {41},
	number = {6},
	doi = {10.1080/00048670701332276},
	url = {http://dx.doi.org/10.1080/00048670701332276},
	langid = {en}
}

@article{schultze-lutter2008,
	title = {Basic Symptoms and Ultrahigh Risk Criteria: Symptom Development in the Initial Prodromal State},
	author = {Schultze-Lutter, F. and Ruhrmann, S. and Berning, J. and Maier, W. and Klosterkotter, J.},
	year = {2008},
	month = {06},
	date = {2008-06-25},
	journal = {Schizophrenia Bulletin},
	pages = {182--191},
	volume = {36},
	number = {1},
	doi = {10.1093/schbul/sbn072},
	url = {http://dx.doi.org/10.1093/schbul/sbn072},
	langid = {en}
}

@article{mcgorry2010,
	title = {Clinical Staging: A Heuristic and Practical Strategy for New Research and Better Health and Social Outcomes for Psychotic and Related Mood Disorders},
	author = {McGorry, Patrick D and Nelson, Barnaby and Goldstone, Sherilyn and Yung, Alison R},
	year = {2010},
	month = {08},
	date = {2010-08},
	journal = {The Canadian Journal of Psychiatry},
	pages = {486--497},
	volume = {55},
	number = {8},
	doi = {10.1177/070674371005500803},
	url = {http://dx.doi.org/10.1177/070674371005500803},
	langid = {en}
}

@article{hartmann2018,
	title = {At-risk studies and clinical antecedents of psychosis, bipolar disorder and depression: a scoping review in the context of clinical staging},
	author = {Hartmann, Jessica A and Nelson, Barnaby and Ratheesh, Aswin and Treen, Devi and McGorry, Patrick D},
	year = {2018},
	month = {06},
	date = {2018-06-04},
	journal = {Psychological Medicine},
	pages = {177--189},
	volume = {49},
	number = {2},
	doi = {10.1017/s0033291718001435},
	url = {http://dx.doi.org/10.1017/S0033291718001435},
	langid = {en}
}

@article{theonse1994,
	title = {The onset of schizophrenia. 1927 [classical article]},
	year = {1994},
	month = {06},
	date = {1994-06},
	journal = {American Journal of Psychiatry},
	pages = {134--139},
	volume = {151},
	number = {6},
	doi = {10.1176/ajp.151.6.134},
	url = {http://dx.doi.org/10.1176/ajp.151.6.134},
	langid = {en}
}

@article{sullivan1927,
	title = {THE ONSET OF SCHIZOPHRENIA},
	author = {Sullivan, Harry Stack},
	year = {1927},
	month = {07},
	date = {1927-07},
	journal = {American Journal of Psychiatry},
	pages = {105--134},
	volume = {84},
	number = {1},
	doi = {10.1176/ajp.84.1.105},
	url = {http://dx.doi.org/10.1176/ajp.84.1.105},
	langid = {en}
}

@article{mishara2009,
	title = {Klaus Conrad (1905-1961): Delusional Mood, Psychosis, and Beginning Schizophrenia},
	author = {Mishara, A. L.},
	year = {2009},
	month = {12},
	date = {2009-12-04},
	journal = {Schizophrenia Bulletin},
	pages = {9--13},
	volume = {36},
	number = {1},
	doi = {10.1093/schbul/sbp144},
	url = {http://dx.doi.org/10.1093/schbul/sbp144},
	langid = {en}
}

@article{mcghie1961,
	title = {Disorders of attention and perception in early schizophrenia},
	author = {McGHIE, ANDREW and CHAPMAN, JAMES},
	year = {1961},
	month = {06},
	date = {1961-06},
	journal = {British Journal of Medical Psychology},
	pages = {103--116},
	volume = {34},
	number = {2},
	doi = {10.1111/j.2044-8341.1961.tb00936.x},
	url = {http://dx.doi.org/10.1111/j.2044-8341.1961.tb00936.x},
	langid = {en}
}

@article{chapman1966,
	title = {The Early Symptoms of Schizophrenia},
	author = {Chapman, James},
	year = {1966},
	month = {03},
	date = {1966-03},
	journal = {British Journal of Psychiatry},
	pages = {225--251},
	volume = {112},
	number = {484},
	doi = {10.1192/bjp.112.484.225},
	url = {http://dx.doi.org/10.1192/bjp.112.484.225},
	langid = {en}
}

@book{gross1987,
	title = {BSABS: Bonner Skala für die Beurteilung von Basissymptomen Bonn Scale for the Assessment of Basic Symptoms Manual, Kommentar, Dokumentationsbogen},
	author = {Gross, Gisela and Huber, Gerd and {Klosterkötter}, Joachim and Linz, Maria},
	year = {1987},
	month = {03},
	date = {1987-03-26},
	publisher = {Springer},
	edition = {1st edition},
	address = {Berlin Heidelberg New York London Paris Tokyo},
	langid = {German}
}

@article{gross2010,
	title = {The History of the Basic Symptom Concept},
	author = {Gross, G. and Huber, G.},
	year = {2010},
	date = {2010},
	journal = {undefined},
	url = {https://www.semanticscholar.org/paper/The-History-of-the-Basic-Symptom-Concept-Gross-Huber/858728aee0fc4a06b63ee8f576792e879b778d82},
	langid = {en}
}

@article{klosterkötter1997,
	title = {Early self-experienced neuropsychological deficits and subsequent schizophrenic diseases: an 8-year average follow-up prospective study},
	author = {{Klosterkötter}, J. and Schultze-Lutter, F. and Gross, G. and Huber, G. and Steinmeyer, E. M.},
	year = {1997},
	month = {05},
	date = {1997-05},
	journal = {Acta Psychiatrica Scandinavica},
	pages = {396--404},
	volume = {95},
	number = {5},
	doi = {10.1111/j.1600-0447.1997.tb09652.x},
	url = {http://dx.doi.org/10.1111/j.1600-0447.1997.tb09652.x},
	langid = {en}
}

@article{schultze-lutter2008a,
	title = {Das Kölner Früh-Erkennungs- & Therapie-Zentrum für psychische Krisen (FETZ)},
	author = {Schultze-Lutter, Frauke and Picker, Heinz and Ruhrmann, Stephan and {Klosterkötter}, Joachim},
	year = {2008},
	month = {02},
	date = {2008-02},
	journal = {Medizinische Klinik},
	pages = {81--89},
	volume = {103},
	number = {2},
	doi = {10.1007/s00063-008-1012-4},
	url = {http://dx.doi.org/10.1007/s00063-008-1012-4},
	langid = {de}
}

@article{salazardepablo2020,
	title = {Clinical Validity of {\emph{DSM-5}} Attenuated Psychosis Syndrome},
	author = {Salazar de Pablo, Gonzalo and Catalan, Ana and Fusar-Poli, Paolo},
	year = {2020},
	month = {03},
	date = {2020-03-01},
	journal = {JAMA Psychiatry},
	pages = {311},
	volume = {77},
	number = {3},
	doi = {10.1001/jamapsychiatry.2019.3561},
	url = {http://dx.doi.org/10.1001/jamapsychiatry.2019.3561},
	langid = {en}
}

@article{schultze-lutter2009,
	title = {Subjective Symptoms of Schizophrenia in Research and the Clinic: The Basic Symptom Concept},
	author = {Schultze-Lutter, F.},
	year = {2009},
	month = {01},
	date = {2009-01-01},
	journal = {Schizophrenia Bulletin},
	pages = {5--8},
	volume = {35},
	number = {1},
	doi = {10.1093/schbul/sbn139},
	url = {http://dx.doi.org/10.1093/schbul/sbn139},
	langid = {en}
}

@article{fusar-poli2008,
	title = {Letter},
	author = {Fusar-Poli, Paolo and Borgwardt, Stefan and Valmaggia, Lucia},
	year = {2008},
	month = {07},
	date = {2008-07},
	journal = {Psychiatric Services},
	pages = {813--813},
	volume = {59},
	number = {7},
	doi = {10.1176/ps.2008.59.7.813},
	url = {http://dx.doi.org/10.1176/ps.2008.59.7.813},
	langid = {en}
}

@article{wlwer2003,
	title = {German research network on schizophrenia},
	author = {{W�lwer}, Wolfgang and Buchkremer, Gerhard and {H�fner}, Heinz and {Klosterk�tter}, Joachim and Maier, Wolfgang and {M�ller}, {Hans-J�rgen} and Gaebel, Wolfgang},
	year = {2003},
	month = {12},
	date = {2003-12-01},
	journal = {European Archives of Psychiatry and Clinical Neuroscience},
	pages = {321--329},
	volume = {253},
	number = {6},
	doi = {10.1007/s00406-003-0468-8},
	url = {http://dx.doi.org/10.1007/s00406-003-0468-8}
}

@article{corcoran2021,
	title = {Attenuated Psychosis Syndrome Should Be Moved to the Main Section in {\emph{DSM}}-{\emph{5}}-{\emph{TR}}},
	author = {Corcoran, Cheryl M. and Mittal, Vijay A. and Woods, Scott W.},
	year = {2021},
	month = {08},
	date = {2021-08-01},
	journal = {JAMA Psychiatry},
	pages = {821},
	volume = {78},
	number = {8},
	doi = {10.1001/jamapsychiatry.2021.0838},
	url = {http://dx.doi.org/10.1001/jamapsychiatry.2021.0838},
	langid = {en}
}

@article{carpenter2014,
	title = {Attenuated Psychosis Syndrome: Need for Debate on a New Disorder},
	author = {Carpenter, William T.},
	year = {2014},
	date = {2014},
	journal = {Psychopathology},
	pages = {287--291},
	volume = {47},
	number = {5},
	doi = {10.1159/000365221},
	url = {http://dx.doi.org/10.1159/000365221},
	langid = {en}
}

@article{sōnggāng2016,
	title = {DSM-5の減弱精神病症候群をめぐって：新たな早期介入の視点},
	author = {{松岡}, {洋夫}},
	year = {2016},
	date = {2016},
	journal = {予防精神医学},
	pages = {4--16},
	volume = {1},
	doi = {10.24591/jseip.1.1_4},
	url = {https://doi.org/10.24591/jseip.1.1_4},
	langid = {ja}
}

@article{fusar-poli2012,
	title = {Predicting Psychosis},
	author = {Fusar-Poli, Paolo},
	year = {2012},
	month = {03},
	date = {2012-03-01},
	journal = {Archives of General Psychiatry},
	pages = {220},
	volume = {69},
	number = {3},
	doi = {10.1001/archgenpsychiatry.2011.1472},
	url = {http://dx.doi.org/10.1001/archgenpsychiatry.2011.1472},
	langid = {en}
}

@article{nelson2013,
	title = {Long-term Follow-up of a Group at Ultra High Risk ({\textquotedblleft}Prodromal{\textquotedblright}) for Psychosis},
	author = {Nelson, Barnaby and Yuen, Hok Pan and Wood, Stephen J. and Lin, Ashleigh and Spiliotacopoulos, Daniela and Bruxner, Annie and Broussard, Christina and Simmons, Magenta and Foley, Debra L. and Brewer, Warrick J. and Francey, Shona M. and Amminger, G. Paul and Thompson, Andrew and McGorry, Patrick D. and Yung, Alison R.},
	year = {2013},
	month = {08},
	date = {2013-08-01},
	journal = {JAMA Psychiatry},
	pages = {793},
	volume = {70},
	number = {8},
	doi = {10.1001/jamapsychiatry.2013.1270},
	url = {http://dx.doi.org/10.1001/jamapsychiatry.2013.1270},
	langid = {en}
}

@article{fusar-poli2017,
	title = {Development and Validation of a Clinically Based Risk Calculator for the Transdiagnostic Prediction of Psychosis},
	author = {Fusar-Poli, Paolo and Rutigliano, Grazia and Stahl, Daniel and Davies, Cathy and Bonoldi, Ilaria and Reilly, Thomas and McGuire, Philip},
	year = {2017},
	month = {05},
	date = {2017-05-01},
	journal = {JAMA Psychiatry},
	pages = {493},
	volume = {74},
	number = {5},
	doi = {10.1001/jamapsychiatry.2017.0284},
	url = {http://dx.doi.org/10.1001/jamapsychiatry.2017.0284},
	langid = {en}
}

@article{cannon2007,
	title = {Editor's Introduction: The Empirical Status of the Ultra High-Risk (Prodromal) Research Paradigm},
	author = {Cannon, T. D. and Cornblatt, B. and McGorry, P.},
	year = {2007},
	month = {03},
	date = {2007-03-19},
	journal = {Schizophrenia Bulletin},
	pages = {661--664},
	volume = {33},
	number = {3},
	doi = {10.1093/schbul/sbm031},
	url = {http://dx.doi.org/10.1093/schbul/sbm031},
	langid = {en}
}

@article{schultze-lutter2015,
	title = {EPA guidance on the early detection of clinical high risk states of psychoses},
	author = {Schultze-Lutter, F. and Michel, C. and Schmidt, S.J. and Schimmelmann, B.G. and Maric, N.P. and Salokangas, R.K.R. and {Riecher-Rössler}, A. and van der Gaag, M. and Nordentoft, M. and Raballo, A. and Meneghelli, A. and Marshall, M. and Morrison, A. and Ruhrmann, S. and {Klosterkötter}, J.},
	year = {2015},
	month = {03},
	date = {2015-03},
	journal = {European Psychiatry},
	pages = {405--416},
	volume = {30},
	number = {3},
	doi = {10.1016/j.eurpsy.2015.01.010},
	url = {http://dx.doi.org/10.1016/j.eurpsy.2015.01.010},
	langid = {en}
}

@article{schultze-lutter2017,
	title = {The concept of basic symptoms: its scientific and clinical relevance},
	author = {Schultze-Lutter, Frauke and Theodoridou, Anastasia},
	year = {2017},
	month = {01},
	date = {2017-01-26},
	journal = {World Psychiatry},
	pages = {104--105},
	volume = {16},
	number = {1},
	doi = {10.1002/wps.20404},
	url = {http://dx.doi.org/10.1002/wps.20404},
	langid = {en}
}

@article{schultze-lutter2014,
	title = {Improving the clinical prediction of psychosis by combining ultra-high risk criteria and cognitive basic symptoms},
	author = {Schultze-Lutter, Frauke and {Klosterkötter}, Joachim and Ruhrmann, Stephan},
	year = {2014},
	month = {04},
	date = {2014-04},
	journal = {Schizophrenia Research},
	pages = {100--106},
	volume = {154},
	number = {1-3},
	doi = {10.1016/j.schres.2014.02.010},
	url = {http://dx.doi.org/10.1016/j.schres.2014.02.010},
	langid = {en}
}

@article{tor2017,
	title = {Clinical high risk for psychosis in children and adolescents: a systematic review},
	author = {Tor, Jordina and Dolz, Montserrat and Sintes, Anna and {Muñoz}, Daniel and Pardo, Marta and de la Serna, Elena and Puig, Olga and Sugranyes, Gisela and Baeza, Inmaculada},
	year = {2017},
	month = {09},
	date = {2017-09-15},
	journal = {European Child & Adolescent Psychiatry},
	pages = {683--700},
	volume = {27},
	number = {6},
	doi = {10.1007/s00787-017-1046-3},
	url = {http://dx.doi.org/10.1007/s00787-017-1046-3},
	langid = {en}
}

@article{fusar-poli2013,
	title = {The Psychosis High-Risk State},
	author = {Fusar-Poli, Paolo and Borgwardt, Stefan and Bechdolf, Andreas and Addington, Jean and {Riecher-Rössler}, Anita and Schultze-Lutter, Frauke and Keshavan, Matcheri and Wood, Stephen and Ruhrmann, Stephan and Seidman, Larry J. and Valmaggia, Lucia and Cannon, Tyrone and Velthorst, Eva and De Haan, Lieuwe and Cornblatt, Barbara and Bonoldi, Ilaria and Birchwood, Max and McGlashan, Thomas and Carpenter, William and McGorry, Patrick and {Klosterkötter}, Joachim and McGuire, Philip and Yung, Alison},
	year = {2013},
	month = {01},
	date = {2013-01-01},
	journal = {JAMA Psychiatry},
	pages = {107},
	volume = {70},
	number = {1},
	doi = {10.1001/jamapsychiatry.2013.269},
	url = {http://dx.doi.org/10.1001/jamapsychiatry.2013.269},
	langid = {en}
}

@article{marshall2017,
	title = {Changes in symptom content from a clinical high{-}risk state to conversion to psychosis},
	author = {Marshall, Catherine and Lu, Yun and Lyngberg, Kristina and Deighton, Stephanie and Cadenhead, Kristin S. and Cannon, Tyrone D. and Cornblatt, Barbara A. and McGlashan, Thomas H. and Perkins, Diana O. and Seidman, Larry J. and Tsuang, Ming T. and Walker, Elaine F. and Woods, Scott W. and Bearden, Carrie E. and Mathalon, Daniel and Addington, Jean},
	year = {2017},
	month = {08},
	date = {2017-08-03},
	journal = {Early Intervention in Psychiatry},
	pages = {257--263},
	volume = {13},
	number = {2},
	doi = {10.1111/eip.12473},
	url = {http://dx.doi.org/10.1111/eip.12473},
	langid = {en}
}

@article{schiffman2015,
	title = {Attenuated psychosis syndrome: benefits of explicit recognition},
	author = {Schiffman, Jason and Carpenter, William T.},
	year = {2015},
	month = {02},
	date = {2015-02-25},
	journal = {Shanghai Archives of Psychiatry},
	pages = {48--51},
	volume = {27},
	number = {1},
	doi = {10.11919/j.issn.1002-0829.215015},
	note = {PMID: 25852257
PMCID: PMC4372762},
	langid = {eng}
}

@article{Schiffman2015,
}

@article{cornblatt2007,
	title = {Can Antidepressants Be Used to Treat the Schizophrenia Prodrome?},
	author = {Cornblatt, Barbara A. and Lencz, Todd and Smith, Christopher W. and Olsen, Ruth and Auther, Andrea M. and Nakayama, Emilie and Lesser, Martin L. and Tai, Julia Y. and Shah, Manoj R. and Foley, Carmel A. and Kane, John M. and Correll, Christoph U.},
	year = {2007},
	month = {04},
	date = {2007-04-15},
	journal = {The Journal of Clinical Psychiatry},
	pages = {546--557},
	volume = {68},
	number = {04},
	doi = {10.4088/jcp.v68n0410},
	url = {http://dx.doi.org/10.4088/jcp.v68n0410}
}

@article{fusar-poli2014,
	title = {Antidepressant, antipsychotic and psychological interventions in subjects at high clinical risk for psychosis: OASIS 6-year naturalistic study},
	author = {Fusar-Poli, P. and Frascarelli, M. and Valmaggia, L. and Byrne, M. and Stahl, D. and Rocchetti, M. and Codjoe, L. and Weinberg, L. and Tognin, S. and Xenaki, L. and McGuire, P.},
	year = {2014},
	month = {10},
	date = {2014-10-22},
	journal = {Psychological Medicine},
	pages = {1327--1339},
	volume = {45},
	number = {6},
	doi = {10.1017/s003329171400244x},
	url = {http://dx.doi.org/10.1017/S003329171400244X},
	langid = {en}
}

@article{liu2013,
	title = {Antipsychotic Interventions in Prodromal Psychosis},
	author = {Liu, Chen-Chung and Demjaha, Arsime},
	year = {2013},
	month = {02},
	date = {2013-02-23},
	journal = {CNS Drugs},
	pages = {197--205},
	volume = {27},
	number = {3},
	doi = {10.1007/s40263-013-0046-1},
	url = {http://dx.doi.org/10.1007/s40263-013-0046-1},
	langid = {en}
}

@article{internat2005,
	title = {International clinical practice guidelines for early psychosis},
	author = {, },
	year = {2005},
	month = {08},
	date = {2005-08},
	journal = {British Journal of Psychiatry},
	pages = {s120--s124},
	volume = {187},
	number = {S48},
	doi = {10.1192/bjp.187.48.s120},
	url = {http://dx.doi.org/10.1192/bjp.187.48.s120},
	langid = {en}
}

@inbook{schultze-lutter2019,
	title = {Detecting the first signs of emerging psychosis},
	author = {Schultze-Lutter, Frauke},
	year = {2019},
	month = {05},
	date = {2019-05},
	publisher = {Oxford University Press},
	pages = {57--72},
	doi = {10.1093/med/9780198820833.003.0006},
	url = {http://dx.doi.org/10.1093/med/9780198820833.003.0006}
}
