
@article{kolvin1971,
	title = {Studies in the Childhood Psychoses I. Diagnostic Criteria and Classification},
	author = {Kolvin, I.},
	year = {1971},
	month = {04},
	date = {1971-04},
	journal = {British Journal of Psychiatry},
	pages = {381--384},
	volume = {118},
	number = {545},
	doi = {10.1192/bjp.118.545.381},
	url = {http://dx.doi.org/10.1192/bjp.118.545.381},
	langid = {en}
}

@article{kolvin1971a,
	title = {II. the Phenomenology of Childhood Psychoses},
	author = {Kolvin, I. and Ounsted, C. and Humphrey, M. and McNay, A.},
	year = {1971},
	month = {04},
	date = {1971-04},
	journal = {British Journal of Psychiatry},
	pages = {385--395},
	volume = {118},
	number = {545},
	doi = {10.1192/bjp.118.545.385},
	url = {http://dx.doi.org/10.1192/bjp.118.545.385},
	langid = {en}
}

@article{evans2013,
	title = {How autism became autism},
	author = {Evans, Bonnie},
	year = {2013},
	month = {05},
	date = {2013-05-08},
	journal = {History of the Human Sciences},
	pages = {3--31},
	volume = {26},
	number = {3},
	doi = {10.1177/0952695113484320},
	url = {http://dx.doi.org/10.1177/0952695113484320},
	langid = {en}
}

@book{kolvin1990,
	title = {Continuities of Deprivation?: The Newcastle 1000 Family Study},
	author = {Kolvin, Israel and Miller, F. J. W. and Scott, McI},
	year = {1990},
	month = {03},
	date = {1990-03-01},
	publisher = {Gower Pub Co},
	edition = {First Edition},
	address = {Aldershot, Hants, England : Brookfield, Vt., USA},
	langid = {English}
}

@article{asarnow2004,
	title = {Annotation: Childhood-onset schizophrenia: clinical and treatment issues},
	author = {Asarnow, Joan Rosenbaum and Tompson, Martha C. and McGrath, Emily P.},
	year = {2004},
	month = {02},
	date = {2004-02},
	journal = {Journal of Child Psychology and Psychiatry},
	pages = {180--194},
	volume = {45},
	number = {2},
	doi = {10.1111/j.1469-7610.2004.00213.x},
	url = {http://dx.doi.org/10.1111/j.1469-7610.2004.00213.x},
	langid = {en}
}

@article{remschmidt1994,
	title = {Childhood-Onset Schizophrenia: History of the Concept and Recent Studies},
	author = {Remschmidt, H. E. and Schulz, E. and Martin, M. and Warnke, A. and Trott, G.-E.},
	year = {1994},
	month = {01},
	date = {1994-01-01},
	journal = {Schizophrenia Bulletin},
	pages = {727--745},
	volume = {20},
	number = {4},
	doi = {10.1093/schbul/20.4.727},
	url = {http://dx.doi.org/10.1093/schbul/20.4.727},
	langid = {en}
}

@article{eggers1997,
	title = {The Long-term Course of Childhood-onset Schizophrenia: A 42-year Followup},
	author = {Eggers, C. and Bunk, D.},
	year = {1997},
	month = {01},
	date = {1997-01-01},
	journal = {Schizophrenia Bulletin},
	pages = {105--117},
	volume = {23},
	number = {1},
	doi = {10.1093/schbul/23.1.105},
	url = {http://dx.doi.org/10.1093/schbul/23.1.105},
	langid = {en}
}

@article{kumra1998,
	title = {{\textquotedblleft}Multidimensionally Impaired Disorder{\textquotedblright}: Is It a Variant of Very Early-Onset Schizophrenia?},
	author = {KUMRA, SANJIV and JACOBSEN, LESLIE K. and LENANE, MARGE and ZAHN, THEODORE P. and WIGGS, EDYTHE and ALAGHBAND-RAD, JAVAD and CASTELLANOS, F. XAVIER and FRAZIER, JEAN A. and McKENNA, KATHLEEN and GORDON, CHARLES T. and SMITH, AMY and HAMBURGER, SUSAN and RAPOPORT, JUDITH L.},
	year = {1998},
	month = {01},
	date = {1998-01},
	journal = {Journal of the American Academy of Child & Adolescent Psychiatry},
	pages = {91--99},
	volume = {37},
	number = {1},
	doi = {10.1097/00004583-199801000-00022},
	url = {http://dx.doi.org/10.1097/00004583-199801000-00022},
	langid = {en}
}

@article{Driver2013,
	title = {Childhood Onset Schizophrenia and Early Onset Schizophrenia Spectrum Disorders},
	author = {Driver, David I. and Gogtay, Nitin and Rapoport, Judith L.},
	year = {2013},
	month = {10},
	date = {2013-10},
	journal = {Child and Adolescent Psychiatric Clinics of North America},
	pages = {539--555},
	volume = {22},
	number = {4},
	doi = {10.1016/j.chc.2013.04.001},
	url = {http://dx.doi.org/10.1016/j.chc.2013.04.001},
	langid = {en}
}

@article{gochman2011,
	title = {Childhood-Onset Schizophrenia: The Challenge of Diagnosis},
	author = {Gochman, Peter and Miller, Rachel and Rapoport, Judith L.},
	year = {2011},
	month = {06},
	date = {2011-06-28},
	journal = {Current Psychiatry Reports},
	pages = {321--322},
	volume = {13},
	number = {5},
	doi = {10.1007/s11920-011-0212-4},
	url = {http://dx.doi.org/10.1007/s11920-011-0212-4},
	langid = {en}
}

@article{bartlett2014,
	title = {Childhood-onset schizophrenia: what do we really know?},
	author = {Bartlett, Jennifer},
	year = {2014},
	month = {01},
	date = {2014-01},
	journal = {Health Psychology and Behavioral Medicine},
	pages = {735--747},
	volume = {2},
	number = {1},
	doi = {10.1080/21642850.2014.927738},
	url = {http://dx.doi.org/10.1080/21642850.2014.927738},
	langid = {en}
}

@inbook{kuniyoshi2010,
	title = {Early-onset schizophrenia},
	author = {Kuniyoshi, Jon S. and McClellan, Jon M.},
	year = {2010},
	date = {2010},
	publisher = {American Psychiatric Publishing, Inc.},
	pages = {367--379},
	address = {Arlington, VA, US}
}

@inbook{madaan2011,
	title = {Early Onset Schizophrenia},
	author = {Madaan, Vishal and Dvir, Yael and Bestha, Durga Prasad and Wilson, Daniel R.},
	year = {2011},
	date = {2011},
	publisher = {Springer Netherlands},
	pages = {195--205},
	doi = {10.1007/978-94-007-0831-0_8},
	url = {http://dx.doi.org/10.1007/978-94-007-0831-0_8}
}

@article{mcglashan2000,
	title = {Schizophrenia as a Disorder of Developmentally Reduced Synaptic Connectivity},
	author = {McGlashan, T. H.},
	year = {2000},
	month = {07},
	date = {2000-07-01},
	journal = {Archives of General Psychiatry},
	pages = {637--648},
	volume = {57},
	number = {7},
	doi = {10.1001/archpsyc.57.7.637},
	url = {http://dx.doi.org/10.1001/archpsyc.57.7.637}
}

@article{gogtay2011,
	title = {Age of Onset of Schizophrenia: Perspectives From Structural Neuroimaging Studies},
	author = {Gogtay, N. and Vyas, N. S. and Testa, R. and Wood, S. J. and Pantelis, C.},
	year = {2011},
	month = {04},
	date = {2011-04-19},
	journal = {Schizophrenia Bulletin},
	pages = {504--513},
	volume = {37},
	number = {3},
	doi = {10.1093/schbul/sbr030},
	url = {http://dx.doi.org/10.1093/schbul/sbr030},
	langid = {en}
}

@article{Häfner1997,
	title = {Epidemiology of Schizophrenia},
	author = {{Häfner}, Heinz and an der Heiden, Wolfram},
	year = {1997},
	month = {03},
	date = {1997-03},
	journal = {The Canadian Journal of Psychiatry},
	pages = {139--151},
	volume = {42},
	number = {2},
	doi = {10.1177/070674379704200204},
	url = {http://dx.doi.org/10.1177/070674379704200204},
	langid = {en}
}

@article{remschmidt2012,
	title = {Early-Onset Schizophrenia1},
	author = {Remschmidt, Helmut and Theisen, Frank},
	year = {2012},
	date = {2012},
	journal = {Neuropsychobiology},
	pages = {63--69},
	volume = {66},
	number = {1},
	doi = {10.1159/000338548},
	url = {http://dx.doi.org/10.1159/000338548},
	langid = {en}
}

@article{masi2006,
	title = {Children with Schizophrenia},
	author = {Masi, Gabriele and Mucci, Maria and Pari, Cinzia},
	year = {2006},
	date = {2006},
	journal = {CNS Drugs},
	pages = {841--866},
	volume = {20},
	number = {10},
	doi = {10.2165/00023210-200620100-00005},
	url = {http://dx.doi.org/10.2165/00023210-200620100-00005},
	langid = {en}
}

@article{werry1991,
	title = {Childhood and Adolescent Schizophrenic, Bipolar, and Schizoaffective Disorders: A Clinical and Outcome Study},
	author = {WERRY, JOHN SCOTT and MCCLELLAN, JON M. and CHARD, LINDA},
	year = {1991},
	month = {05},
	date = {1991-05},
	journal = {Journal of the American Academy of Child & Adolescent Psychiatry},
	pages = {457--465},
	volume = {30},
	number = {3},
	doi = {10.1097/00004583-199105000-00017},
	url = {http://dx.doi.org/10.1097/00004583-199105000-00017},
	langid = {en}
}

@article{krausz1993,
	title = {Schizophrenia With Onset in Adolescence: An 11-year Followup},
	author = {Krausz, M. and Muller-Thomsen, T.},
	year = {1993},
	month = {01},
	date = {1993-01-01},
	journal = {Schizophrenia Bulletin},
	pages = {831--841},
	volume = {19},
	number = {4},
	doi = {10.1093/schbul/19.4.831},
	url = {http://dx.doi.org/10.1093/schbul/19.4.831},
	langid = {en}
}

@article{silverstein2002,
	title = {Premorbid Adjustment and Neuropsychological Performance in Schizophrenia},
	author = {Silverstein, M. L. and Mavrolefteros, G. and Close, D.},
	year = {2002},
	month = {01},
	date = {2002-01-01},
	journal = {Schizophrenia Bulletin},
	pages = {157--165},
	volume = {28},
	number = {1},
	doi = {10.1093/oxfordjournals.schbul.a006918},
	url = {http://dx.doi.org/10.1093/oxfordjournals.schbul.a006918},
	langid = {en}
}

@article{fuster2002,
	author = {Fuster, {Joaquín M.}},
	year = {2002},
	date = {2002},
	journal = {Journal of Neurocytology},
	pages = {373--385},
	volume = {31},
	number = {3/5},
	doi = {10.1023/a:1024190429920},
	url = {http://dx.doi.org/10.1023/A:1024190429920}
}

@article{miguel2019,
	title = {Early environmental influences on the development of children's brain structure and function},
	author = {Miguel, {Patrícia M} and Pereira, Lenir O and Silveira, {Patrícia P} and Meaney, Michael J},
	year = {2019},
	month = {02},
	date = {2019-02-11},
	journal = {Developmental Medicine & Child Neurology},
	pages = {1127--1133},
	volume = {61},
	number = {10},
	doi = {10.1111/dmcn.14182},
	url = {http://dx.doi.org/10.1111/dmcn.14182},
	langid = {en}
}

@article{david2011,
	title = {Childhood Onset Schizophrenia: High Rate of Visual Hallucinations},
	author = {David, Christopher N. and Greenstein, Deanna and Clasen, Liv and Gochman, Pete and Miller, Rachel and Tossell, Julia W. and Mattai, Anand A. and Gogtay, Nitin and Rapoport, Judith L.},
	year = {2011},
	month = {07},
	date = {2011-07},
	journal = {Journal of the American Academy of Child & Adolescent Psychiatry},
	pages = {681--686.e3},
	volume = {50},
	number = {7},
	doi = {10.1016/j.jaac.2011.03.020},
	url = {http://dx.doi.org/10.1016/j.jaac.2011.03.020},
	langid = {en}
}

@article{stayer2005,
	title = {Multidimensionally Impaired: The Good News},
	author = {Stayer, Catherine and Sporn, Alexandra and Gogtay, Nitin and Tossell, Julia W. and Lenane, Marge and Gochman, Peter and Greenstein, Deanna and Sharp, Wendy and Rapoport, Judith L.},
	year = {2005},
	month = {06},
	date = {2005-06},
	journal = {Journal of Child and Adolescent Psychopharmacology},
	pages = {510--519},
	volume = {15},
	number = {3},
	doi = {10.1089/cap.2005.15.510},
	url = {http://dx.doi.org/10.1089/cap.2005.15.510},
	langid = {en}
}

@article{Abidi2017,
	title = {Canadian Guidelines for the Pharmacological Treatment of Schizophrenia Spectrum and Other Psychotic Disorders in Children and Youth},
	author = {Abidi, Sabina and Mian, Irfan and Garcia-Ortega, Iliana and Lecomte, Tania and Raedler, Thomas and Jackson, Kevin and Jackson, Kim and Pringsheim, Tamara and Addington, Donald},
	year = {2017},
	month = {08},
	date = {2017-08-02},
	journal = {The Canadian Journal of Psychiatry},
	pages = {635--647},
	volume = {62},
	number = {9},
	doi = {10.1177/0706743717720197},
	url = {http://dx.doi.org/10.1177/0706743717720197},
	langid = {en}
}
