
@book{thereco1999,
	title = {The recognition and management of early psychosis:  A preventive approach},
	year = {1999},
	date = {1999},
	publisher = {Cambridge University Press},
	series = {The recognition and management of early psychosis:  A preventive approach},
	note = {Pages: xxviii, 495},
	address = {New York, NY, US}
}

@article{mason1995,
	title = {Characteristics of Outcome in Schizophrenia at 13 Years},
	author = {Mason, Peter and Harrison, Glynn and Glazebrook, Cristine and Medley, Ian and Dalkin, Tim and Croudace, Tim},
	year = {1995},
	month = {11},
	date = {1995-11},
	journal = {British Journal of Psychiatry},
	pages = {596--603},
	volume = {167},
	number = {5},
	doi = {10.1192/bjp.167.5.596},
	url = {http://dx.doi.org/10.1192/bjp.167.5.596},
	langid = {en}
}

@article{hayes2018,
	title = {Dilemmas in the treatment of early-onset first-episode psychosis},
	author = {Hayes, Daniel and Kyriakopoulos, Marinos},
	year = {2018},
	month = {03},
	date = {2018-03-26},
	journal = {Therapeutic Advances in Psychopharmacology},
	pages = {231--239},
	volume = {8},
	number = {8},
	doi = {10.1177/2045125318765725},
	url = {http://dx.doi.org/10.1177/2045125318765725},
	langid = {en}
}

@article{galletly2016,
	title = {Royal Australian and New Zealand College of Psychiatrists clinical practice guidelines for the management of schizophrenia and related disorders},
	author = {Galletly, Cherrie and Castle, David and Dark, Frances and Humberstone, Verity and Jablensky, Assen and Killackey, {Eóin} and Kulkarni, Jayashri and McGorry, Patrick and Nielssen, Olav and Tran, Nga},
	year = {2016},
	month = {04},
	date = {2016-04-22},
	journal = {Australian & New Zealand Journal of Psychiatry},
	pages = {410--472},
	volume = {50},
	number = {5},
	doi = {10.1177/0004867416641195},
	url = {http://dx.doi.org/10.1177/0004867416641195},
	langid = {en}
}

@article{edwards1994,
	title = {Early Psychosis Prevention and Intervention: Evolution of a Comprehensive Community-Based Specialised Service},
	author = {Edwards, Jane and Francey, Shona M. and McGorry, Patrick D. and Jackson, Henry J.},
	year = {1994},
	month = {12},
	date = {1994-12},
	journal = {Behaviour Change},
	pages = {223--233},
	volume = {11},
	number = {4},
	doi = {10.1017/s0813483900004496},
	url = {http://dx.doi.org/10.1017/S0813483900004496},
	langid = {en}
}

@article{mcgorry1993,
	title = {Early Psychosis Prevention and Intervention Centre},
	author = {McGorry, Patrick},
	year = {1993},
	month = {04},
	date = {1993-04},
	journal = {Australasian Psychiatry},
	pages = {32--34},
	volume = {1},
	number = {1},
	doi = {10.3109/10398569309081303},
	url = {http://dx.doi.org/10.3109/10398569309081303},
	langid = {en}
}

@inbook{johannessen2000,
	title = {Early intervention in psychosis: The TIPS project, a multi-centre study in Scandinavia},
	author = {Johannessen, Jan O. and Larsen, Tor K. and McGlashan, Thomas and Vaglum, Per},
	year = {2000},
	date = {2000},
	publisher = {Gaskell/Royal College of Psychiatrists},
	pages = {210--234},
	address = {London, England}
}

@article{mueser2015,
	title = {The NAVIGATE Program for First-Episode Psychosis: Rationale, Overview, and Description of Psychosocial Components},
	author = {Mueser, Kim T. and Penn, David L. and Addington, Jean and Brunette, Mary F. and Gingerich, Susan and Glynn, Shirley M. and Lynde, David W. and Gottlieb, Jennifer D. and Meyer-Kalos, Piper and McGurk, Susan R. and Cather, Corinne and Saade, Sylvia and Robinson, Delbert G. and Schooler, Nina R. and Rosenheck, Robert A. and Kane, John M.},
	year = {2015},
	month = {07},
	date = {2015-07},
	journal = {Psychiatric Services},
	pages = {680--690},
	volume = {66},
	number = {7},
	doi = {10.1176/appi.ps.201400413},
	url = {http://dx.doi.org/10.1176/appi.ps.201400413},
	langid = {en}
}

@article{schennach2012,
	title = {Treatment Response in First-episode Schizophrenia},
	author = {Schennach, Rebecca and Riedel, Michael and Musil, Richard and {Möller}, {Hans-Jürgen}},
	year = {2012},
	month = {08},
	date = {2012-08-28},
	journal = {Clinical Psychopharmacology and Neuroscience},
	pages = {78--87},
	volume = {10},
	number = {2},
	doi = {10.9758/cpn.2012.10.2.78},
	url = {http://dx.doi.org/10.9758/cpn.2012.10.2.78},
	langid = {en}
}

@article{robinson2015,
	title = {Prescription Practices in the Treatment of First-Episode Schizophrenia Spectrum Disorders: Data From the National RAISE-ETP Study},
	author = {Robinson, Delbert G. and Schooler, Nina R. and John, Majnu and Correll, Christoph U. and Marcy, Patricia and Addington, Jean and Brunette, Mary F. and Estroff, Sue E. and Mueser, Kim T. and Penn, David and Robinson, James and Rosenheck, Robert A. and Severe, Joanne and Goldstein, Amy and Azrin, Susan and Heinssen, Robert and Kane, John M.},
	year = {2015},
	month = {03},
	date = {2015-03},
	journal = {American Journal of Psychiatry},
	pages = {237--248},
	volume = {172},
	number = {3},
	doi = {10.1176/appi.ajp.2014.13101355},
	url = {http://dx.doi.org/10.1176/appi.ajp.2014.13101355},
	langid = {en}
}

@article{dixon2015,
	title = {Medications for First-Episode Psychosis: Making a Good Start},
	author = {Dixon, Lisa B. and Stroup, T. Scott},
	year = {2015},
	month = {03},
	date = {2015-03},
	journal = {American Journal of Psychiatry},
	pages = {209--211},
	volume = {172},
	number = {3},
	doi = {10.1176/appi.ajp.2014.14111465},
	url = {http://dx.doi.org/10.1176/appi.ajp.2014.14111465},
	langid = {en}
}

@article{tiihonen2012,
	title = {Polypharmacy With Antipsychotics, Antidepressants, or Benzodiazepines and Mortality in Schizophrenia},
	author = {Tiihonen, Jari},
	year = {2012},
	month = {05},
	date = {2012-05-01},
	journal = {Archives of General Psychiatry},
	pages = {476},
	volume = {69},
	number = {5},
	doi = {10.1001/archgenpsychiatry.2011.1532},
	url = {http://dx.doi.org/10.1001/archgenpsychiatry.2011.1532},
	langid = {en}
}

@article{young1998,
	title = {Measuring the Quality of Outpatient Treatment for Schizophrenia},
	author = {Young, Alexander S. and Sullivan, Greer and Burnam, M. Audrey and Brook, Robert H.},
	year = {1998},
	month = {07},
	date = {1998-07-01},
	journal = {Archives of General Psychiatry},
	pages = {611},
	volume = {55},
	number = {7},
	doi = {10.1001/archpsyc.55.7.611},
	url = {http://dx.doi.org/10.1001/archpsyc.55.7.611},
	langid = {en}
}

@article{whale2016,
	title = {Effectiveness of antipsychotics used in first-episode psychosis: a naturalistic cohort study},
	author = {Whale, Richard and Harris, Michael and Kavanagh, Gail and Wickramasinghe, Vijitha and Jones, Christopher I. and Marwaha, Steven and Jethwa, Ketan and Ayadurai, Nirmalan and Thompson, Andrew},
	year = {2016},
	month = {09},
	date = {2016-09},
	journal = {BJPsych Open},
	pages = {323--329},
	volume = {2},
	number = {5},
	doi = {10.1192/bjpo.bp.116.002766},
	url = {http://dx.doi.org/10.1192/bjpo.bp.116.002766},
	langid = {en}
}

@article{tiihonen2011,
	title = {A Nationwide Cohort Study of Oral and Depot Antipsychotics After First Hospitalization for Schizophrenia},
	author = {Tiihonen, Jari and Haukka, Jari and Taylor, Mark and Haddad, Peter M. and Patel, Maxine X. and Korhonen, Pasi},
	year = {2011},
	month = {06},
	date = {2011-06},
	journal = {American Journal of Psychiatry},
	pages = {603--609},
	volume = {168},
	number = {6},
	doi = {10.1176/appi.ajp.2011.10081224},
	url = {http://dx.doi.org/10.1176/appi.ajp.2011.10081224},
	langid = {en}
}

@article{simmons2012,
	title = {{\textquoteleft}Prodromal{\textquoteright} research and clinical services: The imperative for shared decision-making},
	author = {Simmons, Magenta B and Hetrick, Sarah E},
	year = {2012},
	month = {01},
	date = {2012-01},
	journal = {Australian & New Zealand Journal of Psychiatry},
	pages = {66--66},
	volume = {46},
	number = {1},
	doi = {10.1177/0004867411427813},
	url = {http://dx.doi.org/10.1177/0004867411427813},
	langid = {en}
}

@article{kane2013,
	title = {Non-adherence to medication in patients with psychotic disorders: epidemiology, contributing factors and management strategies},
	author = {Kane, John M. and Kishimoto, Taishiro and Correll, Christoph U.},
	year = {2013},
	month = {10},
	date = {2013-10},
	journal = {World Psychiatry},
	pages = {216--226},
	volume = {12},
	number = {3},
	doi = {10.1002/wps.20060},
	url = {http://dx.doi.org/10.1002/wps.20060},
	langid = {en}
}

@article{lieberman1993,
	title = {Prediction of outcome in first-episode schizophrenia},
	author = {Lieberman, J. A.},
	year = {1993},
	month = {03},
	date = {1993-03},
	journal = {The Journal of Clinical Psychiatry},
	pages = {13--17},
	volume = {54 Suppl},
	note = {PMID: 8097192},
	langid = {eng}
}

@article{wunderink2013,
	title = {Recovery in Remitted First-Episode Psychosis at 7 Years of Follow-up of an Early Dose Reduction/Discontinuation or Maintenance Treatment Strategy},
	author = {Wunderink, Lex and Nieboer, Roeline M. and Wiersma, Durk and Sytema, Sjoerd and Nienhuis, Fokko J.},
	year = {2013},
	month = {09},
	date = {2013-09-01},
	journal = {JAMA Psychiatry},
	pages = {913},
	volume = {70},
	number = {9},
	doi = {10.1001/jamapsychiatry.2013.19},
	url = {http://dx.doi.org/10.1001/jamapsychiatry.2013.19},
	langid = {en}
}

@article{thompson2018,
	title = {Maintenance antipsychotic treatment versus discontinuation strategies following remission from first episode psychosis: systematic review},
	author = {Thompson, Andrew and Winsper, Catherine and Marwaha, Steven and Haynes, Jon and Alvarez-Jimenez, Mario and Hetrick, Sarah and Realpe, Alba and Vail, Laura and Dawson, Sarah and Sullivan, Sarah A.},
	year = {2018},
	month = {06},
	date = {2018-06-29},
	journal = {BJPsych Open},
	pages = {215--225},
	volume = {4},
	number = {4},
	doi = {10.1192/bjo.2018.17},
	url = {http://dx.doi.org/10.1192/bjo.2018.17},
	langid = {en}
}

@article{demjaha2017,
	title = {Antipsychotic treatment resistance in first-episode psychosis: prevalence, subtypes and predictors},
	author = {Demjaha, A. and Lappin, J. M. and Stahl, D. and Patel, M. X. and MacCabe, J. H. and Howes, O. D. and Heslin, M. and Reininghaus, U. A. and Donoghue, K. and Lomas, B. and Charalambides, M. and Onyejiaka, A. and Fearon, P. and Jones, P. and Doody, G. and Morgan, C. and Dazzan, P. and Murray, R. M.},
	year = {2017},
	month = {04},
	date = {2017-04-11},
	journal = {Psychological Medicine},
	pages = {1981--1989},
	volume = {47},
	number = {11},
	doi = {10.1017/s0033291717000435},
	url = {http://dx.doi.org/10.1017/S0033291717000435},
	langid = {en}
}

@article{remington2013,
	title = {Clozapine{\textquoteright}s Role in the Treatment of First-Episode Schizophrenia},
	author = {Remington, Gary and Agid, Ofer and Foussias, George and Hahn, Margaret and Rao, Naren and Sinyor, Mark},
	year = {2013},
	month = {02},
	date = {2013-02},
	journal = {American Journal of Psychiatry},
	pages = {146--151},
	volume = {170},
	number = {2},
	doi = {10.1176/appi.ajp.2012.12060778},
	url = {http://dx.doi.org/10.1176/appi.ajp.2012.12060778},
	langid = {en}
}

@article{rowntree2020,
	title = {Clozapine use {\textendash} has practice changed?},
	author = {Rowntree, Roberta and Murray, Sean and Fanning, Felicity and Keating, Dolores and Szigeti, Atilla and Doyle, Roisin and McWilliams, Stephen and Clarke, Mary},
	year = {2020},
	month = {04},
	date = {2020-04-16},
	journal = {Journal of Psychopharmacology},
	pages = {567--573},
	volume = {34},
	number = {5},
	doi = {10.1177/0269881120913152},
	url = {http://dx.doi.org/10.1177/0269881120913152},
	langid = {en}
}

@article{csernansky2002,
	title = {Relapse and Rehospitalisation Rates in Patients with Schizophrenia},
	author = {Csernansky, John G. and Schuchart, Emily K.},
	year = {2002},
	date = {2002},
	journal = {CNS Drugs},
	pages = {473--484},
	volume = {16},
	number = {7},
	doi = {10.2165/00023210-200216070-00004},
	url = {http://dx.doi.org/10.2165/00023210-200216070-00004},
	langid = {en}
}

@article{schooler2005,
	title = {Risperidone and Haloperidol in First-Episode Psychosis: A Long-Term Randomized Trial},
	author = {Schooler, Nina and Rabinowitz, Jonathan and Davidson, Michael and Emsley, Robin and Harvey, Philip D. and Kopala, Lili and McGorry, Patrick D. and Van Hove, Ilse and Eerdekens, Marielle and Swyzen, Wim and De Smedt, Goedele and , },
	year = {2005},
	month = {05},
	date = {2005-05},
	journal = {American Journal of Psychiatry},
	pages = {947--953},
	volume = {162},
	number = {5},
	doi = {10.1176/appi.ajp.162.5.947},
	url = {http://dx.doi.org/10.1176/appi.ajp.162.5.947},
	langid = {en}
}

@article{rubio2017,
	title = {Psychosis breakthrough on antipsychotic maintenance medication (BAMM): what can we learn?},
	author = {Rubio, Jose M. and Kane, John M.},
	year = {2017},
	month = {10},
	date = {2017-10-11},
	journal = {npj Schizophrenia},
	volume = {3},
	number = {1},
	doi = {10.1038/s41537-017-0039-z},
	url = {http://dx.doi.org/10.1038/s41537-017-0039-z},
	langid = {en}
}

@article{rubio2020,
	title = {Psychosis relapse during treatment with long-acting injectable antipsychotics in individuals with schizophrenia-spectrum disorders: an individual participant data meta-analysis},
	author = {Rubio, Jose M and Schoretsanitis, Georgios and John, Majnu and Tiihonen, Jari and Taipale, Heidi and Guinart, Daniel and Malhotra, Anil K and Correll, Christoph U and Kane, John M},
	year = {2020},
	month = {09},
	date = {2020-09},
	journal = {The Lancet Psychiatry},
	pages = {749--761},
	volume = {7},
	number = {9},
	doi = {10.1016/s2215-0366(20)30264-9},
	url = {http://dx.doi.org/10.1016/S2215-0366(20)30264-9},
	langid = {en}
}

@article{emsley2020,
	title = {Predictors of psychosis breakthrough during 24 months of long-acting antipsychotic maintenance treatment in first episode schizophrenia},
	author = {Emsley, Robin and Asmal, Laila and Rubio, Jose M. and Correll, Christoph U. and Kane, John M.},
	year = {2020},
	month = {11},
	date = {2020-11},
	journal = {Schizophrenia Research},
	pages = {55--62},
	volume = {225},
	doi = {10.1016/j.schres.2019.11.025},
	url = {http://dx.doi.org/10.1016/j.schres.2019.11.025},
	langid = {en}
}

@article{alphs2016,
	title = {Factors associated with relapse in schizophrenia despite adherence to long-acting injectable antipsychotic therapy},
	author = {Alphs, Larry and Nasrallah, Henry A. and Bossie, Cynthia A. and Fu, Dong-Jing and Gopal, Srihari and Hough, David and Turkoz, Ibrahim},
	year = {2016},
	month = {07},
	date = {2016-07},
	journal = {International Clinical Psychopharmacology},
	pages = {202--209},
	volume = {31},
	number = {4},
	doi = {10.1097/yic.0000000000000125},
	url = {http://dx.doi.org/10.1097/YIC.0000000000000125},
	langid = {en}
}

@article{mcglashan1984,
	title = {The Chestnut Lodge Follow-up Study},
	author = {McGlashan, Thomas H.},
	year = {1984},
	month = {06},
	date = {1984-06-01},
	journal = {Archives of General Psychiatry},
	pages = {586},
	volume = {41},
	number = {6},
	doi = {10.1001/archpsyc.1984.01790170060007},
	url = {http://dx.doi.org/10.1001/archpsyc.1984.01790170060007},
	langid = {en}
}

@article{torgalsbøen1999,
	title = {Full recovery from schizophrenia: the prognostic role of premorbid adjustment, symptoms at first admission, precipitating events and gender},
	author = {{Torgalsbøen}, Anne-Kari},
	year = {1999},
	month = {11},
	date = {1999-11},
	journal = {Psychiatry Research},
	pages = {143--152},
	volume = {88},
	number = {2},
	doi = {10.1016/s0165-1781(99)00077-3},
	url = {http://dx.doi.org/10.1016/S0165-1781(99)00077-3},
	langid = {en}
}

@article{liberman2002,
	title = {Recovery from schizophrenia: a challenge for the 21st century},
	author = {Liberman, Robert Paul and Kopelowicz, Alex},
	year = {2002},
	month = {01},
	date = {2002-01},
	journal = {International Review of Psychiatry},
	pages = {245--255},
	volume = {14},
	number = {4},
	doi = {10.1080/0954026021000016897},
	url = {http://dx.doi.org/10.1080/0954026021000016897},
	langid = {en}
}

@article{alvarez-jimenez2012,
	title = {Risk factors for relapse following treatment for first episode psychosis: A systematic review and meta-analysis of longitudinal studies},
	author = {Alvarez-Jimenez, M. and Priede, A. and Hetrick, S.E. and Bendall, S. and Killackey, E. and Parker, A.G. and McGorry, P.D. and Gleeson, J.F.},
	year = {2012},
	month = {08},
	date = {2012-08},
	journal = {Schizophrenia Research},
	pages = {116--128},
	volume = {139},
	number = {1-3},
	doi = {10.1016/j.schres.2012.05.007},
	url = {http://dx.doi.org/10.1016/j.schres.2012.05.007},
	langid = {en}
}

@article{lally2017,
	title = {Remission and recovery from first-episode psychosis in adults: systematic review and meta-analysis of long-term outcome studies},
	author = {Lally, John and Ajnakina, Olesya and Stubbs, Brendon and Cullinane, Michael and Murphy, Kieran C. and Gaughran, Fiona and Murray, Robin M.},
	year = {2017},
	month = {12},
	date = {2017-12},
	journal = {British Journal of Psychiatry},
	pages = {350--358},
	volume = {211},
	number = {6},
	doi = {10.1192/bjp.bp.117.201475},
	url = {http://dx.doi.org/10.1192/bjp.bp.117.201475},
	langid = {en}
}

@article{hui2018,
	title = {Long-term effects of discontinuation from antipsychotic maintenance following first-episode schizophrenia and related disorders: a 10 year follow-up of a randomised, double-blind trial},
	author = {Hui, Christy L M and Honer, William G and Lee, Edwin H M and Chang, Wing Chung and Chan, Sherry K W and Chen, Emily S M and Pang, Edwin P F and Lui, Simon S Y and Chung, Dicky W S and Yeung, Wai Song and Ng, Roger M K and Lo, William T L and Jones, Peter B and Sham, Pak and Chen, Eric Y H},
	year = {2018},
	month = {05},
	date = {2018-05},
	journal = {The Lancet Psychiatry},
	pages = {432--442},
	volume = {5},
	number = {5},
	doi = {10.1016/s2215-0366(18)30090-7},
	url = {http://dx.doi.org/10.1016/S2215-0366(18)30090-7},
	langid = {en}
}

@article{üçok2020,
	title = {Relapse rates following antipsychotic discontinuation in the maintenance phase after first-episode of schizophrenia: Results of a long-term follow-up study},
	author = {{Üçok}, Alp and Kara, {{\.{I}}layda Arjen}},
	year = {2020},
	month = {11},
	date = {2020-11},
	journal = {Schizophrenia Research},
	pages = {31--38},
	volume = {225},
	doi = {10.1016/j.schres.2019.10.015},
	url = {http://dx.doi.org/10.1016/j.schres.2019.10.015},
	langid = {en}
}

@article{lappin2018,
	title = {Early sustained recovery following first episode psychosis: Evidence from the AESOP10 follow-up study},
	author = {Lappin, J.M. and Heslin, M. and Lomas, B. and Jones, P.B. and Doody, G.A. and Reininghaus, U.A. and Croudace, T. and Craig, T. and Fearon, P. and Murray, R.M. and Dazzan, P. and Morgan, C.},
	year = {2018},
	month = {09},
	date = {2018-09},
	journal = {Schizophrenia Research},
	pages = {341--345},
	volume = {199},
	doi = {10.1016/j.schres.2018.03.014},
	url = {http://dx.doi.org/10.1016/j.schres.2018.03.014},
	langid = {en}
}

@article{demjaha2017a,
	title = {Antipsychotic treatment resistance in first-episode psychosis: prevalence, subtypes and predictors},
	author = {Demjaha, A. and Lappin, J. M. and Stahl, D. and Patel, M. X. and MacCabe, J. H. and Howes, O. D. and Heslin, M. and Reininghaus, U. A. and Donoghue, K. and Lomas, B. and Charalambides, M. and Onyejiaka, A. and Fearon, P. and Jones, P. and Doody, G. and Morgan, C. and Dazzan, P. and Murray, R. M.},
	year = {2017},
	month = {04},
	date = {2017-04-11},
	journal = {Psychological Medicine},
	pages = {1981--1989},
	volume = {47},
	number = {11},
	doi = {10.1017/s0033291717000435},
	url = {http://dx.doi.org/10.1017/S0033291717000435},
	langid = {en}
}

@article{lally2016,
	title = {Two distinct patterns of treatment resistance: clinical predictors of treatment resistance in first-episode schizophrenia spectrum psychoses},
	author = {Lally, J. and Ajnakina, O. and Di Forti, M. and Trotta, A. and Demjaha, A. and Kolliakou, A. and Mondelli, V. and Reis Marques, T. and Pariante, C. and Dazzan, P. and Shergil, S. S. and Howes, O. D. and David, A. S. and MacCabe, J. H. and Gaughran, F. and Murray, R. M.},
	year = {2016},
	month = {09},
	date = {2016-09-08},
	journal = {Psychological Medicine},
	pages = {3231--3240},
	volume = {46},
	number = {15},
	doi = {10.1017/s0033291716002014},
	url = {http://dx.doi.org/10.1017/S0033291716002014},
	langid = {en}
}

@article{dequardo1994,
	title = {Ventricular enlargement, neuropsychological status, and premorbid function in schizophrenia},
	author = {DeQuardo, John R. and Tandon, Rajiv and Goldman, Robert and Meador-Woodruff, James H. and McGrath-Giroux, Marlene and Brunberg, James A. and Kim, Lorraine},
	year = {1994},
	month = {04},
	date = {1994-04},
	journal = {Biological Psychiatry},
	pages = {517--524},
	volume = {35},
	number = {8},
	doi = {10.1016/0006-3223(94)90098-1},
	url = {http://dx.doi.org/10.1016/0006-3223(94)90098-1},
	langid = {en}
}

@article{mohn-haugen2022,
	title = {A systematic review of premorbid cognitive functioning and its timing of onset in schizophrenia spectrum disorders},
	author = {Mohn-Haugen, Caroline Ranem and Mohn, Christine and {Larøi}, Frank and Teigset, Charlotte M. and {Øie}, Merete Glenne and Rund, {Bjørn Rishovd}},
	year = {2022},
	month = {06},
	date = {2022-06},
	journal = {Schizophrenia Research: Cognition},
	pages = {100246},
	volume = {28},
	doi = {10.1016/j.scog.2022.100246},
	url = {http://dx.doi.org/10.1016/j.scog.2022.100246},
	langid = {en}
}

@article{fuller2002,
	title = {Longitudinal Assessment of Premorbid Cognitive Functioning in Patients With Schizophrenia Through Examination of Standardized Scholastic Test Performance},
	author = {Fuller, Rebecca and Nopoulos, Peg and Arndt, Stephan and {O{\textquoteright}Leary}, Dan and Ho, Beng-Choon and Andreasen, Nancy C.},
	year = {2002},
	month = {07},
	date = {2002-07},
	journal = {American Journal of Psychiatry},
	pages = {1183--1189},
	volume = {159},
	number = {7},
	doi = {10.1176/appi.ajp.159.7.1183},
	url = {http://dx.doi.org/10.1176/appi.ajp.159.7.1183},
	langid = {en}
}

@article{wells2015,
	title = {The impact of premorbid and current intellect in schizophrenia: cognitive, symptom, and functional outcomes},
	author = {Wells, Ruth and Swaminathan, Vaidy and Sundram, Suresh and Weinberg, Danielle and Bruggemann, Jason and Jacomb, Isabella and Cropley, Vanessa and Lenroot, Rhoshel and Pereira, Avril M and Zalesky, Andrew and Bousman, Chad and Pantelis, Christos and Weickert, Cynthia Shannon and Weickert, Thomas W},
	year = {2015},
	month = {11},
	date = {2015-11-04},
	journal = {npj Schizophrenia},
	volume = {1},
	number = {1},
	doi = {10.1038/npjschz.2015.43},
	url = {http://dx.doi.org/10.1038/npjschz.2015.43},
	langid = {en}
}

@article{kharawala2022,
	title = {The relationship between cognition and functioning in schizophrenia: A semi-systematic review},
	author = {Kharawala, Saifuddin and Hastedt, Claudia and Podhorna, Jana and Shukla, Hemlata and Kappelhoff, Bregt and Harvey, Philip D.},
	year = {2022},
	month = {03},
	date = {2022-03},
	journal = {Schizophrenia Research: Cognition},
	pages = {100217},
	volume = {27},
	doi = {10.1016/j.scog.2021.100217},
	url = {http://dx.doi.org/10.1016/j.scog.2021.100217},
	langid = {en}
}

@article{sampedro2021,
	title = {Cognitive, creative, functional, and clinical symptom improvements in schizophrenia after an integrative cognitive remediation program: a randomized controlled trial},
	author = {Sampedro, Agurne and {Peña}, Javier and {Sánchez}, Pedro and Ibarretxe-Bilbao, Naroa and {Gómez-Gastiasoro}, Ainara and Iriarte-Yoller, Nagore and {Pavón}, {Cristóbal} and Tous-Espelosin, Mikel and Ojeda, Natalia},
	year = {2021},
	month = {10},
	date = {2021-10-28},
	journal = {npj Schizophrenia},
	volume = {7},
	number = {1},
	doi = {10.1038/s41537-021-00181-0},
	url = {http://dx.doi.org/10.1038/s41537-021-00181-0},
	langid = {en}
}

@article{gergov2022,
	title = {Psychological Interventions for Young People With Psychotic Disorders: A Systematic Review},
	author = {Gergov, Vera and Milic, Branka and {Löffler-Stastka}, Henriette and Ulberg, Randi and Vousoura, Eleni and Poulsen, Stig},
	year = {2022},
	month = {03},
	date = {2022-03-24},
	journal = {Frontiers in Psychiatry},
	volume = {13},
	doi = {10.3389/fpsyt.2022.859042},
	url = {http://dx.doi.org/10.3389/fpsyt.2022.859042}
}

@article{meltzer1999,
	title = {Cognition, schizophrenia, and the atypical antipsychotic drugs},
	author = {Meltzer, Herbert Y. and Park, Sohee and Kessler, Robert},
	year = {1999},
	month = {11},
	date = {1999-11-23},
	journal = {Proceedings of the National Academy of Sciences},
	pages = {13591--13593},
	volume = {96},
	number = {24},
	doi = {10.1073/pnas.96.24.13591},
	url = {http://dx.doi.org/10.1073/pnas.96.24.13591},
	langid = {en}
}

@article{karson2016,
	title = {Long-term outcomes of antipsychotic treatment in patients with first-episode schizophrenia: a systematic review},
	author = {Karson, Craig and Duffy, Ruth A. and Eramo, Anna and Nylander, Anna-Greta and Offord, Steve},
	year = {2016},
	month = {01},
	date = {2016-01},
	journal = {Neuropsychiatric Disease and Treatment},
	pages = {57},
	doi = {10.2147/ndt.s96392},
	url = {http://dx.doi.org/10.2147/NDT.S96392},
	langid = {en}
}

@article{ballesteros2018,
	title = {Is cognitive impairment associated with antipsychotic dose and anticholinergic equivalent loads in first-episode psychosis?},
	author = {Ballesteros, Alejandro and {Sánchez-Torres}, Ana M. and {López-Ilundain}, Jose M. and Cabrera, Bibiana and Lobo, Antonio and {González-Pinto}, Ana M. and {Díaz-Caneja}, Covadonga and Corripio, Iluminada and Vieta, Eduard and de la Serna, Elena and Bobes, Julio and Usall, Judith and Contreras, Fernando and {Lorente-Omeñaca}, Ruth and Mezquida, Gisela and Bernardo, Miguel and Cuesta, Manuel J. and , },
	year = {2018},
	month = {01},
	date = {2018-01-14},
	journal = {Psychological Medicine},
	pages = {2247--2256},
	volume = {48},
	number = {13},
	doi = {10.1017/s0033291717003774},
	url = {http://dx.doi.org/10.1017/S0033291717003774},
	langid = {en}
}

@article{jäger2006,
	title = {Psychopathological characteristics and treatment response of first episode compared with multiple episode schizophrenic disorders},
	author = {{Jäger}, Markus and Riedel, Michael and Messer, Thomas and Laux, Gerd and Pfeiffer, Herbert and Naber, Dieter and Schmidt, Lutz G. and Gaebel, Wolfgang and Huff, Wolfgang and Heuser, Isabella and {Kühn}, Kai-Uwe and Lemke, Matthias R. and {Rüther}, Eckart and Buchkremer, Gerhard and Gastpar, Markus and Bottlender, Ronald and {Strauß}, Anton and {Möller}, {Hans-Jürgen}},
	year = {2006},
	month = {10},
	date = {2006-10-10},
	journal = {European Archives of Psychiatry and Clinical Neuroscience},
	pages = {47--53},
	volume = {257},
	number = {1},
	doi = {10.1007/s00406-006-0683-1},
	url = {http://dx.doi.org/10.1007/s00406-006-0683-1},
	langid = {en}
}

@article{lieberman1993a,
	title = {Time Course and Biologic Correlates of Treatment Response in First-Episode Schizophrenia},
	author = {Lieberman, Jeffrey},
	year = {1993},
	month = {05},
	date = {1993-05-01},
	journal = {Archives of General Psychiatry},
	pages = {369},
	volume = {50},
	number = {5},
	doi = {10.1001/archpsyc.1993.01820170047006},
	url = {http://dx.doi.org/10.1001/archpsyc.1993.01820170047006},
	langid = {en}
}

@article{davies2018,
	title = {Lack of evidence to favor specific preventive interventions in psychosis: a network meta-analysis},
	author = {Davies, Cathy and Cipriani, Andrea and Ioannidis, John P.A. and Radua, Joaquim and Stahl, Daniel and Provenzani, Umberto and McGuire, Philip and Fusar-Poli, Paolo},
	year = {2018},
	month = {05},
	date = {2018-05-24},
	journal = {World Psychiatry},
	pages = {196--209},
	volume = {17},
	number = {2},
	doi = {10.1002/wps.20526},
	url = {http://dx.doi.org/10.1002/wps.20526},
	langid = {en}
}

@article{francey2020,
	title = {Psychosocial Intervention With or Without Antipsychotic Medication for First-Episode Psychosis: A Randomized Noninferiority Clinical Trial},
	author = {Francey, Shona M and {O{\textquoteright}Donoghue}, Brian and Nelson, Barnaby and Graham, Jessica and Baldwin, Lara and Yuen, Hok Pan and Kerr, Melissa J and Ratheesh, Aswin and Allott, Kelly and Alvarez-Jimenez, Mario and Fornito, Alex and Harrigan, Susy and Thompson, Andrew D and Wood, Stephen and Berk, Michael and McGorry, Patrick D},
	year = {2020},
	month = {01},
	date = {2020-01-01},
	journal = {Schizophrenia Bulletin Open},
	volume = {1},
	number = {1},
	doi = {10.1093/schizbullopen/sgaa015},
	url = {http://dx.doi.org/10.1093/schizbullopen/sgaa015},
	langid = {en}
}

@article{ochoa2015,
	title = {Early psychological interventions for psychosis},
	author = {Ochoa, Susana},
	year = {2015},
	date = {2015},
	journal = {World Journal of Psychiatry},
	pages = {362},
	volume = {5},
	number = {4},
	doi = {10.5498/wjp.v5.i4.362},
	url = {http://dx.doi.org/10.5498/wjp.v5.i4.362},
	langid = {en}
}

@article{morrison2020,
	title = {Antipsychotic medication versus psychological intervention versus a combination of both in adolescents with first-episode psychosis (MAPS): a multicentre, three-arm, randomised controlled pilot and feasibility study},
	author = {Morrison, Anthony P and Pyle, Melissa and Maughan, Daniel and Johns, Louise and Freeman, Daniel and Broome, Matthew R and Husain, Nusrat and Fowler, David and Hudson, Jemma and MacLennan, Graeme and Norrie, John and Shiers, David and Hollis, Chris and James, Anthony and Morrison, Anthony P and Pyle, Melissa and Maughan, Daniel and Johns, Louise and Freeman, Daniel and Broome, Matthew R and Husain, Nusrat and Fowler, David and Hudson, Jemma and MacLennan, Graeme and Norrie, John and Shiers, David and Hollis, Chris and Birchwood, Max and Bhogal, Ravneet and Bowe, Samantha and Byrne, Rory and Clacey, Joe and Davies, Linda and Dudley, Robert and Emsley, Richard and Fialho, Renata and Fraser, Rick and French, Paul and Goodall, Thomas and Goodby, Emmeline and Haddad, Peter and Joyce, Emmeline and Khozoee, Negar and Kirkham, Miriam and Langman, Amy and Larkin, Amanda and Laughton, Helena and Liew, Ashley and Longden, Eleanor and Teale, Ashley L and McCartney, Laura and Murphy, Elizabeth and Padgett, Fiona and Palmier-Claus, Jasper and Peters, Sarah and Sacadura, Catarina and Smith, Jo and Smith, Verity and Steele, Ann and Upthegrove, Rachel and Whale, Richard and Wilcox, Lauren and Yung, Alison and James, Anthony},
	year = {2020},
	month = {09},
	date = {2020-09},
	journal = {The Lancet Psychiatry},
	pages = {788--800},
	volume = {7},
	number = {9},
	doi = {10.1016/s2215-0366(20)30248-0},
	url = {http://dx.doi.org/10.1016/S2215-0366(20)30248-0},
	langid = {en}
}
