
@inbook{gerlach2014,
	title = {Antipsychotics},
	author = {Gerlach, Manfred and Mehler-Wex, Claudia and Schimmelmann, Benno G.},
	year = {2014},
	date = {2014},
	publisher = {Springer Vienna},
	pages = {157--218},
	doi = {10.1007/978-3-7091-1501-5_5},
	url = {http://dx.doi.org/10.1007/978-3-7091-1501-5_5}
}

@article{nossoll1997,
	title = {A single dose of methamphetamine in neonatal gerbils affects adult prefrontal gamma-aminobutyric acid innervation},
	author = {Nossoll, M. and Teuchert-Noodt, G. and Dawirs, R. R.},
	year = {1997},
	month = {12},
	date = {1997-12-11},
	journal = {European Journal of Pharmacology},
	pages = {R3--5},
	volume = {340},
	number = {2-3},
	note = {PMID: 9537803},
	langid = {eng}
}

@article{teicher1993,
	title = {Developmental Differences in Acute Nigrostriatal and Mesocorticolimbic System Response to Haloperidol},
	author = {Teicher, Martin H. and Barber, Natacha I. and Gelbard, Harris A. and Gallitano, Amelia L. and Campbell, Alexander and Marsh, Elda and Baldessarini, Ross J.},
	year = {1993},
	month = {09},
	date = {1993-09},
	journal = {Neuropsychopharmacology},
	pages = {147--156},
	volume = {9},
	number = {2},
	doi = {10.1038/npp.1993.53},
	url = {http://dx.doi.org/10.1038/npp.1993.53},
	langid = {en}
}

@article{kutcher1997,
	title = {Practitioner Review: The Pharmacotherapy of Adolescent Depression},
	author = {Kutcher, Stan},
	year = {1997},
	month = {10},
	date = {1997-10},
	journal = {Journal of Child Psychology and Psychiatry},
	pages = {755--767},
	volume = {38},
	number = {7},
	doi = {10.1111/j.1469-7610.1997.tb01594.x},
	url = {http://dx.doi.org/10.1111/j.1469-7610.1997.tb01594.x},
	langid = {en}
}

@article{vyas2012,
	title = {Treatment of Early Onset Schizophrenia: Recent Trends, Challenges and Future Considerations},
	author = {Vyas, Nora S. and Gogtay, Nitin},
	year = {2012},
	date = {2012},
	journal = {Frontiers in Psychiatry},
	volume = {3},
	doi = {10.3389/fpsyt.2012.00029},
	url = {http://dx.doi.org/10.3389/fpsyt.2012.00029}
}

@article{fraguas2011,
	title = {Efficacy and safety of second-generation antipsychotics in children and adolescents with psychotic and bipolar spectrum disorders: Comprehensive review of prospective head-to-head and placebo-controlled comparisons},
	author = {Fraguas, David and Correll, Christoph U. and {Merch√°n-Naranjo}, Jessica and Rapado-Castro, Marta and Parellada, Mara and Moreno, Carmen and Arango, Celso},
	year = {2011},
	month = {08},
	date = {2011-08},
	journal = {European Neuropsychopharmacology},
	pages = {621--645},
	volume = {21},
	number = {8},
	doi = {10.1016/j.euroneuro.2010.07.002},
	url = {http://dx.doi.org/10.1016/j.euroneuro.2010.07.002},
	langid = {en}
}

@article{schneider2014,
	title = {Systematic review of the efficacy and tolerability of Clozapine in the treatment of youth with early onset schizophrenia},
	author = {Schneider, C. and Corrigall, R. and Hayes, D. and Kyriakopoulos, M. and Frangou, S.},
	year = {2014},
	month = {01},
	date = {2014-01},
	journal = {European Psychiatry},
	pages = {1--10},
	volume = {29},
	number = {1},
	doi = {10.1016/j.eurpsy.2013.08.001},
	url = {http://dx.doi.org/10.1016/j.eurpsy.2013.08.001},
	langid = {en}
}

@article{kennedy2007,
	title = {Antipsychotic medication for childhood-onset schizophrenia},
	author = {Kennedy, Eilis and Kumar, Ajit and Datta, Soumitra S},
	editor = {, },
	year = {2007},
	month = {07},
	date = {2007-07-18},
	journal = {Cochrane Database of Systematic Reviews},
	doi = {10.1002/14651858.cd004027.pub2},
	url = {http://dx.doi.org/10.1002/14651858.CD004027.pub2},
	langid = {en}
}

@article{findling2010,
	title = {Double-Blind Maintenance Safety and Effectiveness Findings From the Treatment of Early-Onset Schizophrenia Spectrum (TEOSS) Study},
	author = {Findling, Robert L. and Johnson, Jacqueline L. and McClellan, Jon and Frazier, Jean A. and Vitiello, Benedetto and Hamer, Robert M. and Lieberman, Jeffrey A. and Ritz, Louise and McNamara, Nora K. and Lingler, Jacqui and Hlastala, Stefanie and Pierson, Leslie and Puglia, Madeline and Maloney, Ann E. and Kaufman, Emily Michael and Noyes, Nancy and Sikich, Linmarie},
	year = {2010},
	month = {06},
	date = {2010-06},
	journal = {Journal of the American Academy of Child & Adolescent Psychiatry},
	pages = {583--594},
	volume = {49},
	number = {6},
	doi = {10.1016/j.jaac.2010.03.013},
	url = {http://dx.doi.org/10.1016/j.jaac.2010.03.013},
	langid = {en}
}

@article{findling2000,
	title = {Paediatric uses of atypical antipsychotics},
	author = {Findling, Robert L and McNamara, Nora K and Gracious, Barbara L},
	year = {2000},
	month = {07},
	date = {2000-07},
	journal = {Expert Opinion on Pharmacotherapy},
	pages = {935--945},
	volume = {1},
	number = {5},
	doi = {10.1517/14656566.1.5.935},
	url = {http://dx.doi.org/10.1517/14656566.1.5.935},
	langid = {en}
}

@article{madaan2008,
	title = {Child and adolescent schizophrenia: pharmacological approaches},
	author = {Madaan, Vishal and Dvir, Yael and Wilson, Daniel R},
	year = {2008},
	month = {07},
	date = {2008-07-31},
	journal = {Expert Opinion on Pharmacotherapy},
	pages = {2053--2068},
	volume = {9},
	number = {12},
	doi = {10.1517/14656566.9.12.2053},
	url = {http://dx.doi.org/10.1517/14656566.9.12.2053},
	langid = {en}
}

@article{sikich2008,
	title = {Double-Blind Comparison of First- and Second-Generation Antipsychotics in Early-Onset Schizophrenia and Schizo-affective Disorder: Findings From the Treatment of Early-Onset Schizophrenia Spectrum Disorders (TEOSS) Study},
	author = {Sikich, Linmarie and Frazier, Jean A. and McClellan, Jon and Findling, Robert L. and Vitiello, Benedetto and Ritz, Louise and Ambler, Denisse and Puglia, Madeline and Maloney, Ann E. and Michael, Emily and De Jong, Sandra and Slifka, Karen and Noyes, Nancy and Hlastala, Stefanie and Pierson, Leslie and McNamara, Nora K. and Delporto-Bedoya, Denise and Anderson, Robert and Hamer, Robert M. and Lieberman, Jeffrey A.},
	year = {2008},
	month = {11},
	date = {2008-11},
	journal = {American Journal of Psychiatry},
	pages = {1420--1431},
	volume = {165},
	number = {11},
	doi = {10.1176/appi.ajp.2008.08050756},
	url = {http://dx.doi.org/10.1176/appi.ajp.2008.08050756},
	langid = {en}
}

@article{witek2005,
	title = {Review of Benzodiazepine use in Children and Adolescents},
	author = {Witek, Malgorzata W. and Rojas, Veronica and Alonso, Carmen and Minami, Haruka and Silva, Raul R.},
	year = {2005},
	month = {10},
	date = {2005-10},
	journal = {Psychiatric Quarterly},
	pages = {283--296},
	volume = {76},
	number = {3},
	doi = {10.1007/s11126-005-2982-5},
	url = {http://dx.doi.org/10.1007/s11126-005-2982-5},
	langid = {en}
}

@article{paton2002,
	title = {Benzodiazepines and disinhibition: a review},
	author = {Paton, Carol},
	year = {2002},
	month = {12},
	date = {2002-12},
	journal = {Psychiatric Bulletin},
	pages = {460--462},
	volume = {26},
	number = {12},
	doi = {10.1192/pb.26.12.460},
	url = {http://dx.doi.org/10.1192/pb.26.12.460},
	langid = {en}
}

@article{staller2004,
	title = {Intramuscular Ziprasidone in Youth: A Retrospective Chart Review},
	author = {Staller, Jud A.},
	year = {2004},
	month = {12},
	date = {2004-12},
	journal = {Journal of Child and Adolescent Psychopharmacology},
	pages = {590--592},
	volume = {14},
	number = {4},
	doi = {10.1089/cap.2004.14.590},
	url = {http://dx.doi.org/10.1089/cap.2004.14.590},
	langid = {en}
}

@article{khan2006,
	title = {A Naturalistic Evaluation of Intramuscular Ziprasidone Versus Intramuscular Olanzapine for the Management of Acute Agitation and Aggression in Children and Adolescents},
	author = {Khan, Shamima S. and Mican, Lisa M.},
	year = {2006},
	month = {12},
	date = {2006-12},
	journal = {Journal of Child and Adolescent Psychopharmacology},
	pages = {671--677},
	volume = {16},
	number = {6},
	doi = {10.1089/cap.2006.16.671},
	url = {http://dx.doi.org/10.1089/cap.2006.16.671},
	langid = {en}
}

@article{barzman2007,
	title = {A Retrospective Chart Review of Intramuscular Ziprasidone for Agitation in Children and Adolescents on Psychiatric Units: Prospective Studies Are Needed},
	author = {Barzman, Drew H. and DelBello, Melissa P. and Forrester, Jacob J. and Keck, Paul E. and Strakowski, Stephen M.},
	year = {2007},
	month = {08},
	date = {2007-08},
	journal = {Journal of Child and Adolescent Psychopharmacology},
	pages = {503--509},
	volume = {17},
	number = {4},
	doi = {10.1089/cap.2007.5124},
	url = {http://dx.doi.org/10.1089/cap.2007.5124},
	langid = {en}
}

@article{masi2011,
	title = {Management of Schizophrenia in Children and Adolescents},
	author = {Masi, Gabriele and Liboni, Francesca},
	year = {2011},
	month = {01},
	date = {2011-01},
	journal = {Drugs},
	pages = {179--208},
	volume = {71},
	number = {2},
	doi = {10.2165/11585350-000000000-00000},
	url = {http://dx.doi.org/10.2165/11585350-000000000-00000},
	langid = {en}
}

@article{giannitelli2020,
	title = {Developmental and symptom profiles in early-onset psychosis},
	author = {Giannitelli, Marianna and Levinson, Douglas F. and Cohen, David and Xavier, Jean and Laurent-Levinson, Claudine},
	year = {2020},
	month = {02},
	date = {2020-02},
	journal = {Schizophrenia Research},
	pages = {470--478},
	volume = {216},
	doi = {10.1016/j.schres.2019.10.028},
	url = {http://dx.doi.org/10.1016/j.schres.2019.10.028},
	langid = {en}
}

@article{sanchez-gistau2015,
	title = {Psychiatric disorders in child and adolescent offspring of patients with schizophrenia and bipolar disorder: A controlled study},
	author = {Sanchez-Gistau, Vanessa and Romero, Soledad and Moreno, Dolores and de la Serna, Elena and Baeza, Inmaculada and Sugranyes, Gisela and Moreno, Carmen and Sanchez-Gutierrez, Teresa and Rodriguez-Toscano, Elisa and Castro-Fornieles, Josefina},
	year = {2015},
	month = {10},
	date = {2015-10},
	journal = {Schizophrenia Research},
	pages = {197--203},
	volume = {168},
	number = {1-2},
	doi = {10.1016/j.schres.2015.08.034},
	url = {http://dx.doi.org/10.1016/j.schres.2015.08.034},
	langid = {en}
}

@article{Teicher1990,
	title = {Emergence of intense suicidal preoccupation during fluoxetine treatment},
	year = {1990},
	month = {02},
	date = {1990-02},
	journal = {American Journal of Psychiatry},
	pages = {207--210},
	volume = {147},
	number = {2},
	doi = {10.1176/ajp.147.2.207},
	url = {http://dx.doi.org/10.1176/ajp.147.2.207},
	langid = {en}
}

@article{mccain2009,
	title = {Antidepressants and suicide in adolescents and adults: a public health experiment with unintended consequences?},
	author = {McCain, Jack Alan},
	year = {2009},
	month = {07},
	date = {2009-07},
	journal = {P & T: A Peer-Reviewed Journal for Formulary Management},
	pages = {355--378},
	volume = {34},
	number = {7},
	note = {PMID: 20140100
PMCID: PMC2799109},
	langid = {eng}
}

@article{Sharma2016,
	title = {Suicidality and aggression during antidepressant treatment: systematic review and meta-analyses based on clinical study reports},
	author = {Sharma, Tarang and Guski, Louise Schow and Freund, Nanna and {G√∏tzsche}, Peter C},
	year = {2016},
	month = {01},
	date = {2016-01-27},
	journal = {BMJ},
	pages = {i65},
	doi = {10.1136/bmj.i65},
	url = {http://dx.doi.org/10.1136/bmj.i65},
	langid = {en}
}

@article{tondo2001,
	title = {Lower suicide risk with long-term lithium treatment in major affective illness:
a meta-analysis},
	author = {Tondo, Leonardo and Hennen, John and Baldessarini, Ross J.},
	year = {2001},
	month = {09},
	date = {2001-09},
	journal = {Acta Psychiatrica Scandinavica},
	pages = {163--172},
	volume = {104},
	number = {3},
	doi = {10.1034/j.1600-0447.2001.00464.x},
	url = {http://dx.doi.org/10.1034/j.1600-0447.2001.00464.x},
	langid = {en}
}

@article{Meltzer2003,
	title = {Clozapine Treatment for Suicidality in Schizophrenia<subtitle>International Suicide Prevention Trial (InterSePT)</subtitle>},
	author = {Meltzer, Herbert Y.},
	year = {2003},
	month = {01},
	date = {2003-01-01},
	journal = {Archives of General Psychiatry},
	pages = {82},
	volume = {60},
	number = {1},
	doi = {10.1001/archpsyc.60.1.82},
	url = {http://dx.doi.org/10.1001/archpsyc.60.1.82},
	langid = {en}
}

@article{correll2009,
	title = {Cardiometabolic Risk of Second-Generation Antipsychotic Medications During First-Time Use in Children and Adolescents},
	author = {Correll, Christoph U.},
	year = {2009},
	month = {10},
	date = {2009-10-28},
	journal = {JAMA},
	pages = {1765},
	volume = {302},
	number = {16},
	doi = {10.1001/jama.2009.1549},
	url = {http://dx.doi.org/10.1001/jama.2009.1549},
	langid = {en}
}

@article{wu2008,
	title = {Lifestyle Intervention and Metformin for Treatment of Antipsychotic-Induced Weight Gain},
	author = {Wu, Ren-Rong and Zhao, Jing-Ping and Jin, Hua and Shao, Ping and Fang, Mao-Sheng and Guo, Xiao-Feng and He, Yi-Qun and Liu, Yi-Jun and Chen, Jin-Dong and Li, Le-Hua},
	year = {2008},
	month = {01},
	date = {2008-01-09},
	journal = {JAMA},
	volume = {299},
	number = {2},
	doi = {10.1001/jama.2007.56-b},
	url = {http://dx.doi.org/10.1001/jama.2007.56-b},
	langid = {en}
}

@article{correll2020,
	title = {Effects of Olanzapine Combined With Samidorphan on Weight Gain in Schizophrenia: A 24-Week Phase 3 Study},
	author = {Correll, Christoph U. and Newcomer, John W. and Silverman, Bernard and DiPetrillo, Lauren and Graham, Christine and Jiang, Ying and Du, Yangchun and Simmons, Adam and Hopkinson, Craig and McDonnell, David and Kahn, {Ren√© S.}},
	year = {2020},
	month = {12},
	date = {2020-12-01},
	journal = {American Journal of Psychiatry},
	pages = {1168--1178},
	volume = {177},
	number = {12},
	doi = {10.1176/appi.ajp.2020.19121279},
	url = {http://dx.doi.org/10.1176/appi.ajp.2020.19121279},
	langid = {en}
}

@article{lentferink2018,
	title = {Efficacy of Metformin Treatment with Respect to Weight Reduction in Children and Adults with Obesity: A Systematic Review},
	author = {Lentferink, Y. E. and Knibbe, C. A. J. and van der Vorst, M. M. J.},
	year = {2018},
	month = {12},
	date = {2018-12},
	journal = {Drugs},
	pages = {1887--1901},
	volume = {78},
	number = {18},
	doi = {10.1007/s40265-018-1025-0},
	url = {http://dx.doi.org/10.1007/s40265-018-1025-0},
	langid = {en}
}

@article{channing2018,
	title = {Lurasidone in Children and Adolescents: Systematic Review and Case Report},
	author = {Channing, Jonathan and Mitchell, Mary and Cortese, Samuele},
	year = {2018},
	month = {09},
	date = {2018-09},
	journal = {Journal of Child and Adolescent Psychopharmacology},
	pages = {428--436},
	volume = {28},
	number = {7},
	doi = {10.1089/cap.2018.0046},
	url = {http://dx.doi.org/10.1089/cap.2018.0046},
	langid = {en}
}

@article{szatm√°ri2020,
	title = {Cariprazine Safety in Adolescents and the Elderly: Analyses of Clinical Study Data},
	author = {{Szatm√°ri}, {Bal√°zs} and {Barab√°ssy}, {√Ågota} and {Hars√°nyi}, Judit and Laszlovszky, {Istv√°n} and Sebe, Barbara and {G√°l}, {M√≥nika} and Shiragami, Kazushi and {N√©meth}, {Gy√∂rgy}},
	year = {2020},
	month = {03},
	date = {2020-03-03},
	journal = {Frontiers in Psychiatry},
	volume = {11},
	doi = {10.3389/fpsyt.2020.00061},
	url = {http://dx.doi.org/10.3389/fpsyt.2020.00061}
}

@article{meyer2017,
	title = {Weight changes before and after lurasidone treatment: a real-world analysis using electronic health records},
	author = {Meyer, Jonathan M. and Ng-Mak, Daisy S. and Chuang, Chien-Chia and Rajagopalan, Krithika and Loebel, Antony},
	year = {2017},
	month = {10},
	date = {2017-10-17},
	journal = {Annals of General Psychiatry},
	volume = {16},
	number = {1},
	doi = {10.1186/s12991-017-0159-x},
	url = {http://dx.doi.org/10.1186/s12991-017-0159-x},
	langid = {en}
}

@article{correll2006,
	title = {Endocrine and Metabolic Adverse Effects of Psychotropic Medications in Children and Adolescents},
	author = {CORRELL, CHRISTOPH U. and CARLSON, HAROLD E.},
	year = {2006},
	month = {07},
	date = {2006-07},
	journal = {Journal of the American Academy of Child & Adolescent Psychiatry},
	pages = {771--791},
	volume = {45},
	number = {7},
	doi = {10.1097/01.chi.0000220851.94392.30},
	url = {http://dx.doi.org/10.1097/01.chi.0000220851.94392.30},
	langid = {en}
}

@article{calarge2009,
	title = {Weight Gain and Metabolic Abnormalities During Extended Risperidone Treatment in Children and Adolescents},
	author = {Calarge, Chadi A. and Acion, Laura and Kuperman, Samuel and Tansey, Michael and Schlechte, Janet A.},
	year = {2009},
	month = {04},
	date = {2009-04},
	journal = {Journal of Child and Adolescent Psychopharmacology},
	pages = {101--109},
	volume = {19},
	number = {2},
	doi = {10.1089/cap.2008.007},
	url = {http://dx.doi.org/10.1089/cap.2008.007},
	langid = {en}
}

@article{lindsay2004,
	title = {Discontinuation of Risperidone and Reversibility of Weight Gain in Children with Disruptive Behavior Disorders},
	author = {Lindsay, Ronald L. and Leone, Sarah and Aman, Michael G.},
	year = {2004},
	month = {06},
	date = {2004-06},
	journal = {Clinical Pediatrics},
	pages = {437--444},
	volume = {43},
	number = {5},
	doi = {10.1177/000992280404300504},
	url = {http://dx.doi.org/10.1177/000992280404300504},
	langid = {en}
}

@article{mcintyre2008,
	title = {Metabolic and Cardiovascular Adverse Events Associated With Antipsychotic Treatment in Children and Adolescents},
	author = {McIntyre, Roger S. and Jerrell, Jeanette M.},
	year = {2008},
	month = {10},
	date = {2008-10-06},
	journal = {Archives of Pediatrics & Adolescent Medicine},
	pages = {929},
	volume = {162},
	number = {10},
	doi = {10.1001/archpedi.162.10.929},
	url = {http://dx.doi.org/10.1001/archpedi.162.10.929},
	langid = {en}
}

@article{wedervang-resell2020,
	title = {Lipid alterations in adolescents with early-onset psychosis may be independent of antipsychotic medication},
	author = {Wedervang-Resell, Kirsten and Friis, Svein and Lonning, Vera and Smelror, Runar E. and Johannessen, Cecilie and Agartz, Ingrid and Ulven, Stine M. and Holven, Kirsten B. and Andreassen, Ole A. and Myhre, Anne M.},
	year = {2020},
	month = {02},
	date = {2020-02},
	journal = {Schizophrenia Research},
	pages = {295--301},
	volume = {216},
	doi = {10.1016/j.schres.2019.11.039},
	url = {http://dx.doi.org/10.1016/j.schres.2019.11.039},
	langid = {en}
}

@article{jensen2015,
	title = {Corrected QT Changes During Antipsychotic Treatment of¬†Children and Adolescents: A Systematic Review and Meta-Analysis of Clinical Trials},
	author = {Jensen, Karsten Gjessing and Juul, Klaus and Fink-Jensen, Anders and Correll, Christoph U. and Pagsberg, Anne Katrine},
	year = {2015},
	month = {01},
	date = {2015-01},
	journal = {Journal of the American Academy of Child & Adolescent Psychiatry},
	pages = {25--36},
	volume = {54},
	number = {1},
	doi = {10.1016/j.jaac.2014.10.002},
	url = {http://dx.doi.org/10.1016/j.jaac.2014.10.002},
	langid = {en}
}

@article{correll2011,
	title = {Antipsychotic Drug Administration Does Not Correlate with Prolonged Rate-Corrected QT Interval in Children and Adolescents: Results from a Nested Case{\textendash}Control Study},
	author = {Correll, Christoph U. and Harris, Jennifer and Figen, Vicki and Kane, John M. and Manu, Peter},
	year = {2011},
	month = {08},
	date = {2011-08},
	journal = {Journal of Child and Adolescent Psychopharmacology},
	pages = {365--368},
	volume = {21},
	number = {4},
	doi = {10.1089/cap.2011.0024},
	url = {http://dx.doi.org/10.1089/cap.2011.0024},
	langid = {en}
}

@article{blair2005,
	title = {Electrocardiographic Changes in Children and Adolescents Treated With Ziprasidone: A Prospective Study},
	author = {BLAIR, JENNIFER and SCAHILL, LAWRENCE and STATE, MATTHEW and MARTIN, {ANDR√âS}},
	year = {2005},
	month = {01},
	date = {2005-01},
	journal = {Journal of the American Academy of Child & Adolescent Psychiatry},
	pages = {73--79},
	volume = {44},
	number = {1},
	doi = {10.1097/01.chi.0000145372.61239.bb},
	url = {http://dx.doi.org/10.1097/01.chi.0000145372.61239.bb},
	langid = {en}
}

@article{saito2004,
	title = {A Prospective Study of Hyperprolactinemia in Children and Adolescents Treated with Atypical Antipsychotic Agents},
	author = {Saito, Ema and Correll, Christoph U. and Gallelli, Kim and McMeniman, Marjorie and Parikh, Umesh H. and Malhotra, Anil K. and Kafantaris, Vivian},
	year = {2004},
	month = {09},
	date = {2004-09},
	journal = {Journal of Child and Adolescent Psychopharmacology},
	pages = {350--358},
	volume = {14},
	number = {3},
	doi = {10.1089/cap.2004.14.350},
	url = {http://dx.doi.org/10.1089/cap.2004.14.350},
	langid = {en}
}

@article{pappagallo2004,
	title = {The Effect of Atypical Antipsychotic Agents on Prolactin Levels in Children and Adolescents},
	author = {Pappagallo, Mia and Silva, Raul},
	year = {2004},
	month = {09},
	date = {2004-09},
	journal = {Journal of Child and Adolescent Psychopharmacology},
	pages = {359--371},
	volume = {14},
	number = {3},
	doi = {10.1089/cap.2004.14.359},
	url = {http://dx.doi.org/10.1089/cap.2004.14.359},
	langid = {en}
}

@article{roke2012,
	title = {Antipsychotic-Induced Hyperprolactinemia and Testosterone Levels in Boys},
	author = {Roke, Yvette and van Harten, Peter N. and Buitelaar, Jan K. and Tenback, Diederik E. and de Rijke, Yolanda B. and Boot, Annemieke M.},
	year = {2012},
	date = {2012},
	journal = {Hormone Research in Paediatrics},
	pages = {235--240},
	volume = {77},
	number = {4},
	doi = {10.1159/000337910},
	url = {http://dx.doi.org/10.1159/000337910},
	langid = {en}
}

@article{correll2006a,
	title = {Recognizing and Monitoring Adverse Events of Second-Generation Antipsychotics in Children and Adolescents},
	author = {Correll, Christoph U. and Penzner, Julie B. and Parikh, Umesh H. and Mughal, Tahir and Javed, Tariq and Carbon, Maren and Malhotra, Anil K.},
	year = {2006},
	month = {01},
	date = {2006-01},
	journal = {Child and Adolescent Psychiatric Clinics of North America},
	pages = {177--206},
	volume = {15},
	number = {1},
	doi = {10.1016/j.chc.2005.08.007},
	url = {http://dx.doi.org/10.1016/j.chc.2005.08.007},
	langid = {en}
}

@article{kumra1996,
	title = {Childhood-Onset Schizophrenia},
	author = {Kumra, Sanjiv},
	year = {1996},
	month = {12},
	date = {1996-12-01},
	journal = {Archives of General Psychiatry},
	pages = {1090},
	volume = {53},
	number = {12},
	doi = {10.1001/archpsyc.1996.01830120020005},
	url = {http://dx.doi.org/10.1001/archpsyc.1996.01830120020005},
	langid = {en}
}

@article{wahlstrom2010,
	title = {Developmental changes in dopamine neurotransmission in adolescence: Behavioral implications and issues in assessment},
	author = {Wahlstrom, Dustin and Collins, Paul and White, Tonya and Luciana, Monica},
	year = {2010},
	month = {02},
	date = {2010-02},
	journal = {Brain and Cognition},
	pages = {146--159},
	volume = {72},
	number = {1},
	doi = {10.1016/j.bandc.2009.10.013},
	url = {http://dx.doi.org/10.1016/j.bandc.2009.10.013},
	langid = {en}
}

@article{seeman1987,
	title = {Human brain dopamine receptors in children and aging adults},
	author = {Seeman, Philip and Bzowej, Natalie H. and Guan, H.-C. and Bergeron, Catherine and Becker, Lawrence E. and Reynolds, Gavin P. and Bird, E. D. and Riederer, Peter and Jellinger, Kurt and Watanabe, Shuzo and Tourtellotte, Wallace W.},
	year = {1987},
	date = {1987},
	journal = {Synapse},
	pages = {399--404},
	volume = {1},
	number = {5},
	doi = {10.1002/syn.890010503},
	url = {http://dx.doi.org/10.1002/syn.890010503},
	langid = {en}
}

@article{sinclair2014,
	title = {Impacts of stress and sex hormones on dopamine neurotransmission in the adolescent brain},
	author = {Sinclair, Duncan and Purves-Tyson, Tertia D and Allen, Katherine M and Weickert, Cynthia Shannon},
	year = {2014},
	month = {01},
	date = {2014-01-31},
	journal = {Psychopharmacology},
	pages = {1581--1599},
	volume = {231},
	number = {8},
	doi = {10.1007/s00213-013-3415-z},
	url = {http://dx.doi.org/10.1007/s00213-013-3415-z},
	langid = {en}
}

@article{lewis1998,
	title = {Typical and Atypical Antipsychotics in Adolescent Schizophrenia: Efficacy, Tolerability, and Differential Sensitivity to Extrapyramidal Symptoms},
	author = {Lewis, Ralph},
	year = {1998},
	month = {08},
	date = {1998-08},
	journal = {The Canadian Journal of Psychiatry},
	pages = {596--604},
	volume = {43},
	number = {6},
	doi = {10.1177/070674379804300608},
	url = {http://dx.doi.org/10.1177/070674379804300608},
	langid = {en}
}

@article{kumra1998,
	title = {Case Series: Spectrum of Neuroleptic-Induced Movement Disorders and Extrapyramidal Side Effects in Childhood-Onset Schizophrenia},
	author = {KUMRA, SANJIV and JACOBSEN, LESLIE K. and LENANE, MARGE and SMITH, AMY and LEE, PAUL and MALANGA, C.J. and KARP, BARBARA I. and HAMBURGER, SUSAN and RAPOPORT, JUDITH L.},
	year = {1998},
	month = {02},
	date = {1998-02},
	journal = {Journal of the American Academy of Child & Adolescent Psychiatry},
	pages = {221--227},
	volume = {37},
	number = {2},
	doi = {10.1097/00004583-199802000-00016},
	url = {http://dx.doi.org/10.1097/00004583-199802000-00016},
	langid = {en}
}

@article{correll2007,
	title = {One-Year Incidence Rates of Tardive Dyskinesia in Children and Adolescents Treated with Second-Generation Antipsychotics: A Systematic Review},
	author = {Correll, Christoph U. and Kane, John M.},
	year = {2007},
	month = {10},
	date = {2007-10},
	journal = {Journal of Child and Adolescent Psychopharmacology},
	pages = {647--655},
	volume = {17},
	number = {5},
	doi = {10.1089/cap.2006.0117},
	url = {http://dx.doi.org/10.1089/cap.2006.0117},
	langid = {en}
}

@article{carbon2015,
	title = {Neuromotor Adverse Effects in 342 Youth During 12 Weeks of Naturalistic Treatment With 5 Second-Generation Antipsychotics},
	author = {Carbon, Maren and Kapoor, Sandeep and Sheridan, Eva and Al-Jadiri, Aseel and Azzo, Sally and Sarkaria, Tania and Kane, John M. and Saito, Ema and Correll, Christoph U.},
	year = {2015},
	month = {09},
	date = {2015-09},
	journal = {Journal of the American Academy of Child & Adolescent Psychiatry},
	pages = {718--727.e3},
	volume = {54},
	number = {9},
	doi = {10.1016/j.jaac.2015.06.015},
	url = {http://dx.doi.org/10.1016/j.jaac.2015.06.015},
	langid = {en}
}

@article{garcia-amador2015,
	title = {Neurological Adverse Effects of Antipsychotics in Children and Adolescents},
	author = {Garcia-Amador, Margarita and {Merch√°n-Naranjo}, Jessica and Tapia, Cecilia and Moreno, Carmen and Castro-Fornieles, Josefina and Baeza, Inmaculada and de la Serna, Elena and Alda, {Jos√© A.} and {Mu√±oz}, Daniel and {Andr√©s Nestares}, Patricia and Cantarero, {Carmen Mart√≠nez} and Arango, Celso},
	year = {2015},
	month = {12},
	date = {2015-12},
	journal = {Journal of Clinical Psychopharmacology},
	pages = {686--693},
	volume = {35},
	number = {6},
	doi = {10.1097/jcp.0000000000000419},
	url = {http://dx.doi.org/10.1097/JCP.0000000000000419},
	langid = {en}
}

@article{silva1999,
	title = {Neuroleptic Malignant Syndrome in Children and Adolescents},
	author = {SILVA, RAUL R. and MUNOZ, DINOHRA M. and ALPERT, MURRAY and PERLMUTTER, ILISSE R. and DIAZ, JOSE},
	year = {1999},
	month = {02},
	date = {1999-02},
	journal = {Journal of the American Academy of Child & Adolescent Psychiatry},
	pages = {187--194},
	volume = {38},
	number = {2},
	doi = {10.1097/00004583-199902000-00018},
	url = {http://dx.doi.org/10.1097/00004583-199902000-00018},
	langid = {en}
}

@article{matheson2012,
	title = {Clozapine-Induced Neuroleptic Malignant Syndrome in an Adolescent},
	author = {Matheson, Katherine M and Gray, Gerald},
	year = {2012},
	month = {08},
	date = {2012-08},
	journal = {Journal of Child and Adolescent Psychopharmacology},
	pages = {322--324},
	volume = {22},
	number = {4},
	doi = {10.1089/cap.2011.0131},
	url = {http://dx.doi.org/10.1089/cap.2011.0131},
	langid = {en}
}

@article{dookim2020,
	title = {S216. CASE REPORT OF TREATMENT OF NEUROLEPTIC MALIGNANT SYNDROME IN CHILD ADOLESCENT},
	author = {Doo Kim, Moon and Nam, Beomwoo and Shim, Se-Hoon and Lim, Eun-Sung and Park, Sung-Yong and Lee, Sang-Yeol and Bahk, Won-Myong},
	year = {2020},
	month = {04},
	date = {2020-04},
	journal = {Schizophrenia Bulletin},
	pages = {S120--S121},
	volume = {46},
	number = {Supplement{\_}1},
	doi = {10.1093/schbul/sbaa031.282},
	url = {http://dx.doi.org/10.1093/schbul/sbaa031.282},
	langid = {en}
}

@article{neuhut2009,
	title = {Neuroleptic Malignant Syndrome in Children and Adolescents on Atypical Antipsychotic Medication: A Review},
	author = {Neuhut, Rachel and Lindenmayer, Jean-Pierre and Silva, Raul},
	year = {2009},
	month = {08},
	date = {2009-08},
	journal = {Journal of Child and Adolescent Psychopharmacology},
	pages = {415--422},
	volume = {19},
	number = {4},
	doi = {10.1089/cap.2008.0130},
	url = {http://dx.doi.org/10.1089/cap.2008.0130},
	langid = {en}
}

@article{lertxundi2013,
	title = {Antipsychotics and seizures: Higher risk with atypicals?},
	author = {Lertxundi, Unax and Hernandez, Rafael and Medrano, Juan and Domingo-Echaburu, Saioa and {Garc√≠a}, Monserrat and Aguirre, Carmelo},
	year = {2013},
	month = {03},
	date = {2013-03},
	journal = {Seizure},
	pages = {141--143},
	volume = {22},
	number = {2},
	doi = {10.1016/j.seizure.2012.10.009},
	url = {http://dx.doi.org/10.1016/j.seizure.2012.10.009},
	langid = {en}
}

@article{Jeon2021,
	title = {Risk of seizures associated with antipsychotic treatment in pediatrics with psychiatric disorders: a nested case{\textendash}control study in Korea},
	author = {Jeon, Soo Min and Park, Susan and Kim, Dohoon and Kwon, Jin-Won},
	year = {2020},
	month = {04},
	date = {2020-04-07},
	journal = {European Child & Adolescent Psychiatry},
	pages = {391--399},
	volume = {30},
	number = {3},
	doi = {10.1007/s00787-020-01525-4},
	url = {http://dx.doi.org/10.1007/s00787-020-01525-4},
	langid = {en}
}

@article{jeon2022,
	title = {Association of Treatment With Antipsychotics, Antidepressants, or Both With Movement Disorders and Seizures Among Children and Adolescents With Depression in Korea},
	author = {Jeon, Soo Min and Park, Hae-Young and Park, Susan and Chung, Un Sun and Kwon, Jin-Won},
	year = {2022},
	month = {04},
	date = {2022-04-15},
	journal = {JAMA Network Open},
	pages = {e227074},
	volume = {5},
	number = {4},
	doi = {10.1001/jamanetworkopen.2022.7074},
	url = {http://dx.doi.org/10.1001/jamanetworkopen.2022.7074},
	langid = {en}
}

@article{jeon2021a,
	title = {Association Between Antipsychotic Treatment and Neurological Adverse Events in Pediatric Patients: A Population-Based Cohort Study in Korea},
	author = {Jeon, Soo Min and Park, Susan and Kwon, Soonhak and Kwon, Jin-Won},
	year = {2021},
	month = {05},
	date = {2021-05-26},
	journal = {Frontiers in Psychiatry},
	volume = {12},
	doi = {10.3389/fpsyt.2021.668704},
	url = {http://dx.doi.org/10.3389/fpsyt.2021.668704}
}

@article{alfageh2021,
	title = {Antipsychotic Medication and Risk of Incident Seizure in People with Autism Spectrum Disorder: Analyses with Cohort and Within Individual Study Designs},
	author = {Alfageh, Basmah H. and Besag, Frank M. C. and Gao, Le and Ma, Tian-Tian and Man, Kenneth K. C. and Wong, Ian C. K. and Brauer, Ruth},
	year = {2021},
	month = {11},
	date = {2021-11-09},
	journal = {Journal of Autism and Developmental Disorders},
	doi = {10.1007/s10803-021-05208-0},
	url = {http://dx.doi.org/10.1007/s10803-021-05208-0},
	langid = {en}
}

@article{rothman2005,
	title = {Causation and Causal Inference in Epidemiology},
	author = {Rothman, Kenneth J. and Greenland, Sander},
	year = {2005},
	month = {07},
	date = {2005-07},
	journal = {American Journal of Public Health},
	pages = {S144--S150},
	volume = {95},
	number = {S1},
	doi = {10.2105/ajph.2004.059204},
	url = {http://dx.doi.org/10.2105/AJPH.2004.059204},
	langid = {en}
}

@article{gerbino-rosen2005,
	title = {Hematological Adverse Events in Clozapine-Treated Children and Adolescents},
	author = {Gerbino-Rosen, Ginny and Roofeh, David and Tompkins, D. Andrew and Feryo, Doug and Nusser, Laurie and Kranzler, Harvey and Napolitano, Barbara and Frederickson, Anne and Henderson, Inika and Rhinewine, Joe and Kumra, Sanjiv},
	year = {2005},
	month = {10},
	date = {2005-10},
	journal = {Journal of the American Academy of Child & Adolescent Psychiatry},
	pages = {1024--1031},
	volume = {44},
	number = {10},
	doi = {10.1097/01.chi.0000171904.23947.54},
	url = {http://dx.doi.org/10.1097/01.chi.0000171904.23947.54},
	langid = {en}
}

@article{schneider2015,
	title = {Clozapine use in childhood and adolescent schizophrenia: A nationwide population-based study},
	author = {Schneider, Carolina and Papachristou, Efstathios and Wimberley, Theresa and Gasse, Christiane and Dima, Danai and MacCabe, James H. and Mortensen, Preben Bo and Frangou, Sophia},
	year = {2015},
	month = {06},
	date = {2015-06},
	journal = {European Neuropsychopharmacology},
	pages = {857--863},
	volume = {25},
	number = {6},
	doi = {10.1016/j.euroneuro.2015.02.003},
	url = {http://dx.doi.org/10.1016/j.euroneuro.2015.02.003},
	langid = {en}
}

@article{strauss2020,
	title = {A review of negative symptom assessment strategies in youth at clinical high-risk for psychosis},
	author = {Strauss, Gregory P. and Pelletier-Baldelli, Andrea and Visser, Katherine Frost and Walker, Elaine F. and Mittal, Vijay A.},
	year = {2020},
	month = {08},
	date = {2020-08},
	journal = {Schizophrenia Research},
	pages = {104--112},
	volume = {222},
	doi = {10.1016/j.schres.2020.04.019},
	url = {http://dx.doi.org/10.1016/j.schres.2020.04.019},
	langid = {en}
}

@article{downs2018,
	title = {Negative Symptoms in Early-Onset Psychosis and Their Association With Antipsychotic Treatment Failure},
	author = {Downs, Johnny and Dean, Harry and Lechler, Suzannah and Sears, Nicola and Patel, Rashmi and Shetty, Hitesh and Hotopf, Matthew and Ford, Tamsin and Kyriakopoulos, Marinos and Diaz-Caneja, Covadonga M and Arango, Celso and MacCabe, James H and Hayes, Richard D and Pina-Camacho, Laura},
	year = {2018},
	month = {01},
	date = {2018-01-24},
	journal = {Schizophrenia Bulletin},
	pages = {69--79},
	volume = {45},
	number = {1},
	doi = {10.1093/schbul/sbx197},
	url = {http://dx.doi.org/10.1093/schbul/sbx197},
	langid = {en}
}

@article{giordano2022,
	title = {Negative Symptom Domains in Children and Adolescents at Ultra-High Risk for Psychosis: Association With Real-Life Functioning},
	author = {Giordano, Giulia Maria and Palumbo, Davide and Pontillo, Maria and Mucci, Armida and Galderisi, Silvana and Vicari, Stefano},
	year = {2022},
	month = {01},
	date = {2022-01-01},
	journal = {Schizophrenia Bulletin Open},
	volume = {3},
	number = {1},
	doi = {10.1093/schizbullopen/sgac025},
	url = {http://dx.doi.org/10.1093/schizbullopen/sgac025},
	langid = {en}
}

@article{oloyede2022,
	title = {Clozapine augmentation with cariprazine for negative symptoms: a case series and literature review},
	author = {Oloyede, Ebenezer and Clark, Ivana and Mace, Shubhra and Whiskey, Eromona and Taylor, David},
	year = {2022},
	month = {01},
	date = {2022-01},
	journal = {Therapeutic Advances in Psychopharmacology},
	pages = {204512532110666},
	volume = {12},
	doi = {10.1177/20451253211066642},
	url = {http://dx.doi.org/10.1177/20451253211066642},
	langid = {en}
}

@article{barman2021,
	title = {Newer antipsychotics: Brexpiprazole, cariprazine, and lumateperone: A pledge or another unkept promise?},
	author = {Barman, Rajdip and Majumder, Pradipta and Doifode, Tejaswini and Kablinger, Anita},
	year = {2021},
	month = {12},
	date = {2021-12-19},
	journal = {World Journal of Psychiatry},
	pages = {1228--1238},
	volume = {11},
	number = {12},
	doi = {10.5498/wjp.v11.i12.1228},
	url = {http://dx.doi.org/10.5498/wjp.v11.i12.1228}
}

@article{bachmann2017,
	title = {International trends in clozapine use: a study in 17 countries},
	author = {Bachmann, C. J. and Aagaard, L. and Bernardo, M. and Brandt, L. and Cartabia, M. and Clavenna, A. and {Coma Fust√©}, A. and Furu, K. and {Garuolien√©}, K. and Hoffmann, F. and Hollingworth, S. and Huybrechts, K. F. and Kalverdijk, L. J. and Kawakami, K. and Kieler, H. and Kinoshita, T. and {L√≥pez}, S. C. and {Machado{-}Alba}, J. E. and {Machado{-}Duque}, M. E. and Mahesri, M. and Nishtala, P. S. and Piovani, D. and Reutfors, J. and Saastamoinen, L. K. and Sato, I. and {Schuiling{-}Veninga}, C. C. M. and Shyu, {Y.{-}C.} and Siskind, D. and Skurtveit, S. and Verdoux, H. and Wang, {L.{-}J.} and Zara Yahni, C. and {Zo√´ga}, H. and Taylor, D.},
	year = {2017},
	month = {05},
	date = {2017-05-14},
	journal = {Acta Psychiatrica Scandinavica},
	pages = {37--51},
	volume = {136},
	number = {1},
	doi = {10.1111/acps.12742},
	url = {http://dx.doi.org/10.1111/acps.12742},
	langid = {en}
}

@article{sagreiya2017,
	title = {Differences in Antipsychotic-Related Adverse Events in Adult, Pediatric, and Geriatric Populations},
	author = {Sagreiya, Hersh and Chen, Yi-Ren and Kumarasamy, Narmadan  A and Ponnusamy, Karthik and Chen, Doris and Das, Amar K},
	year = {2017},
	month = {02},
	date = {2017-02-26},
	journal = {Cureus},
	doi = {10.7759/cureus.1059},
	url = {http://dx.doi.org/10.7759/cureus.1059},
	langid = {en}
}

@article{adnan2022,
	title = {Clozapine for Management of Childhood and Adolescent-Onset Schizophrenia: A Systematic Review and Meta-Analysis},
	author = {Adnan, Mahwish and Motiwala, Fatima and Trivedi, Chintan and Sultana, Tania and Mansuri, Zeeshan and Jain, Shailesh},
	year = {2022},
	month = {02},
	date = {2022-02-01},
	journal = {Journal of Child and Adolescent Psychopharmacology},
	pages = {2--11},
	volume = {32},
	number = {1},
	doi = {10.1089/cap.2021.0092},
	url = {http://dx.doi.org/10.1089/cap.2021.0092},
	langid = {en}
}

@article{baeza2010,
	title = {Clinical Experience Using Electroconvulsive Therapy in Adolescents with Schizophrenia Spectrum Disorders},
	author = {Baeza, Inmaculada and Flamarique, Itziar and Garrido, Juan Miguel and Horga, Guillermo and Pons, Alexandre and Bernardo, Miguel and Morer, Astrid and {L√°zaro}, Maria Luisa and Castro-Fornieles, Josefina},
	year = {2010},
	month = {06},
	date = {2010-06},
	journal = {Journal of Child and Adolescent Psychopharmacology},
	pages = {205--209},
	volume = {20},
	number = {3},
	doi = {10.1089/cap.2009.0066},
	url = {http://dx.doi.org/10.1089/cap.2009.0066},
	langid = {en}
}

@article{lima2013,
	title = {Electroconvulsive therapy use in adolescents: a systematic review},
	author = {Lima, {N√°dia NR} and Nascimento, {V√¢nia B} and Peixoto, Jorge AC and Moreira, Marcial M and Neto, Modesto LR and Almeida, {Jos√© C} and Vasconcelos, Carlos AC and Teixeira, Saulo A and {J√∫nior}, Jucier G and Junior, Francisco TC and {Guimar√£es}, Diego DM and Brasil, Aline Q and Cartaxo, Jesus S and Akerman, Marco and Reis, Alberto OA},
	year = {2013},
	month = {05},
	date = {2013-05-30},
	journal = {Annals of General Psychiatry},
	volume = {12},
	number = {1},
	doi = {10.1186/1744-859x-12-17},
	url = {http://dx.doi.org/10.1186/1744-859X-12-17},
	langid = {en}
}

@article{d√∏ssing2021,
	title = {Electroconvulsive Therapy in Children and Adolescents},
	author = {{D√∏ssing}, Erik and Pagsberg, Anne Katrine},
	year = {2021},
	month = {04},
	date = {2021-04-01},
	journal = {The Journal of ECT},
	pages = {158--170},
	volume = {37},
	number = {3},
	doi = {10.1097/yct.0000000000000761},
	url = {http://dx.doi.org/10.1097/YCT.0000000000000761},
	langid = {en}
}

@article{shoirah2011,
	title = {Electroconvulsive therapy in children and adolescents},
	author = {Shoirah, Hazem and Hamoda, Hesham M},
	year = {2011},
	month = {01},
	date = {2011-01},
	journal = {Expert Review of Neurotherapeutics},
	pages = {127--137},
	volume = {11},
	number = {1},
	doi = {10.1586/ern.10.178},
	url = {http://dx.doi.org/10.1586/ern.10.178},
	langid = {en}
}

@article{ghaziuddin2004,
	title = {Practice Parameter for Use of Electroconvulsive Therapy With Adolescents},
	author = {Ghaziuddin, Neera and Kutcher, Stanley P. and Knapp, Penelope},
	year = {2004},
	month = {12},
	date = {2004-12},
	journal = {Journal of the American Academy of Child & Adolescent Psychiatry},
	pages = {1521--1539},
	volume = {43},
	number = {12},
	doi = {10.1097/01.chi.0000142280.87429.68},
	url = {http://dx.doi.org/10.1097/01.chi.0000142280.87429.68},
	langid = {en}
}

@article{hustig2009,
	title = {ECT rekindles pharmacological response in schizophrenia},
	author = {Hustig, H. and Onilov, R.},
	year = {2009},
	month = {12},
	date = {2009-12},
	journal = {European Psychiatry},
	pages = {521--525},
	volume = {24},
	number = {8},
	doi = {10.1016/j.eurpsy.2009.04.005},
	url = {http://dx.doi.org/10.1016/j.eurpsy.2009.04.005},
	langid = {en}
}

@article{flamarique2012,
	title = {Electroconvulsive Therapy and Clozapine in Adolescents With Schizophrenia Spectrum Disorders},
	author = {Flamarique, Itziar and Castro-Fornieles, Josefina and Garrido, Juan Miguel and de la Serna, Elena and Pons, Alexandre and Bernardo, Miguel and Baeza, Inmaculada},
	year = {2012},
	month = {12},
	date = {2012-12},
	journal = {Journal of Clinical Psychopharmacology},
	pages = {756--766},
	volume = {32},
	number = {6},
	doi = {10.1097/jcp.0b013e318270e2c7},
	url = {http://dx.doi.org/10.1097/JCP.0b013e318270e2c7},
	langid = {en}
}

@article{lally2016,
	title = {Augmentation of clozapine with electroconvulsive therapy in treatment resistant schizophrenia: A systematic review and meta-analysis},
	author = {Lally, John and Tully, John and Robertson, Dene and Stubbs, Brendon and Gaughran, Fiona and MacCabe, James H.},
	year = {2016},
	month = {03},
	date = {2016-03},
	journal = {Schizophrenia Research},
	pages = {215--224},
	volume = {171},
	number = {1-3},
	doi = {10.1016/j.schres.2016.01.024},
	url = {http://dx.doi.org/10.1016/j.schres.2016.01.024},
	langid = {en}
}

@article{flamarique2014,
	title = {Long-term effectiveness of electroconvulsive therapy in adolescents with schizophrenia spectrum disorders},
	author = {Flamarique, Itziar and Baeza, Inmaculada and de la Serna, Elena and Pons, Alexandre and Bernardo, Miguel and Castro-Fornieles, Josefina},
	year = {2014},
	month = {09},
	date = {2014-09-03},
	journal = {European Child & Adolescent Psychiatry},
	pages = {517--524},
	volume = {24},
	number = {5},
	doi = {10.1007/s00787-014-0602-3},
	url = {http://dx.doi.org/10.1007/s00787-014-0602-3},
	langid = {en}
}

@article{ghaziuddin1996,
	title = {Electroconvulsive Treatment in Adolescents with Pharmacotherapy{\textendash}Refractory Depression},
	author = {GHAZIUDDIN, NEERA and KING, CHERYL A. and NAYLOR, MICHAEL W. and GHAZIUDDIN, MOHAMMED and CHAUDHARY, NADIRA and GIORDANI, BRUNO and DEQUARDO, JOHN R. and TANDON, RAJIV and GREDEN, JOHN},
	year = {1996},
	month = {01},
	date = {1996-01},
	journal = {Journal of Child and Adolescent Psychopharmacology},
	pages = {259--271},
	volume = {6},
	number = {4},
	doi = {10.1089/cap.1996.6.259},
	url = {http://dx.doi.org/10.1089/cap.1996.6.259},
	langid = {en}
}

@article{kutcher1995,
	title = {Electroconvulsive Therapy in Treatment-Resistant Bipolar Youth},
	author = {KUTCHER, STAN and ROBERTSON, HEATHER A.},
	year = {1995},
	month = {01},
	date = {1995-01},
	journal = {Journal of Child and Adolescent Psychopharmacology},
	pages = {167--175},
	volume = {5},
	number = {3},
	doi = {10.1089/cap.1995.5.167},
	url = {http://dx.doi.org/10.1089/CAP.1995.5.167},
	langid = {en}
}

@article{greenberg1985,
	title = {Detection of Prolonged Seizures During Electroconvulsive Therapy: A Comparison of Electroencephalogram and Cuff Monitoring},
	author = {Greenberg, Lawrence B.},
	year = {1985},
	date = {1985},
	journal = {Convulsive Therapy},
	pages = {32--37},
	volume = {1},
	number = {1},
	note = {PMID: 11940803},
	langid = {eng}
}

@article{warren2022,
	title = {Tardive Seizures After Electroconvulsive Therapy},
	author = {Warren, Nicola and Eyre-Watt, Brenton and Pearson, Ella and {O'Gorman}, Cullen and Watson, Emily and Lie, David and Siskind, Dan},
	year = {2022},
	month = {01},
	date = {2022-01-28},
	journal = {The Journal of ECT},
	pages = {95--102},
	volume = {38},
	number = {2},
	doi = {10.1097/yct.0000000000000821},
	url = {http://dx.doi.org/10.1097/YCT.0000000000000821},
	langid = {en}
}

@book{electroc2013,
	title = {Electroconvulsive Therapy in Children and Adolescents},
	editor = {Ghaziuddin, Neera and Walter, Garry},
	year = {2013},
	month = {11},
	date = {2013-11},
	publisher = {Oxford University Press},
	doi = {10.1093/med/9780199937899.001.0001},
	url = {http://dx.doi.org/10.1093/med/9780199937899.001.0001}
}

@article{cohen2000,
	title = {Absence of Cognitive Impairment at Long-Term Follow-Up in Adolescents Treated With ECT for Severe Mood Disorder},
	author = {Cohen, D.},
	year = {2000},
	month = {03},
	date = {2000-03-01},
	journal = {American Journal of Psychiatry},
	pages = {460--462},
	volume = {157},
	number = {3},
	doi = {10.1176/appi.ajp.157.3.460},
	url = {http://dx.doi.org/10.1176/appi.ajp.157.3.460}
}

@article{ghaziuddin2000,
	title = {Cognitive Side Effects of Electroconvulsive Therapy in Adolescents},
	author = {GHAZIUDDIN, NEERA and LAUGHRIN, DONNA and GIORDANI, BRUNO},
	year = {2000},
	month = {01},
	date = {2000-01},
	journal = {Journal of Child and Adolescent Psychopharmacology},
	pages = {269--276},
	volume = {10},
	number = {4},
	doi = {10.1089/cap.2000.10.269},
	url = {http://dx.doi.org/10.1089/cap.2000.10.269},
	langid = {en}
}

@article{ghaziuddin1999,
	title = {Electroconvulsive Treatment of a Bipolar Adolescent Postcraniotomy for Brain Stem Astrocytoma},
	author = {GHAZIUDDIN, NEERA and DeQUARDO, JOHN R. and GHAZIUDDIN, MOHAMMAD and KING, CHERYL A.},
	year = {1999},
	month = {01},
	date = {1999-01},
	journal = {Journal of Child and Adolescent Psychopharmacology},
	pages = {63--69},
	volume = {9},
	number = {1},
	doi = {10.1089/cap.1999.9.63},
	url = {http://dx.doi.org/10.1089/cap.1999.9.63},
	langid = {en}
}

@article{Lunde2006,
	title = {Electroconvulsive therapy in patients with epilepsy},
	author = {Lunde, Mary E. and Lee, Elliot K. and Rasmussen, Keith G.},
	year = {2006},
	month = {09},
	date = {2006-09},
	journal = {Epilepsy & Behavior},
	pages = {355--359},
	volume = {9},
	number = {2},
	doi = {10.1016/j.yebeh.2006.06.013},
	url = {http://dx.doi.org/10.1016/j.yebeh.2006.06.013},
	langid = {en}
}
