
@article{harvey2019,
	title = {Functional deficits in attenuated psychosis syndrome and related conditions: Current and future treatment options},
	author = {Harvey, Philip D. and Jones, Mackenzie Taylor},
	year = {2019},
	month = {09},
	date = {2019-09},
	journal = {Schizophrenia Research: Cognition},
	pages = {100152},
	volume = {17},
	doi = {10.1016/j.scog.2019.100152},
	url = {http://dx.doi.org/10.1016/j.scog.2019.100152},
	langid = {en}
}

@article{erlenmeyer-kimling1987,
	title = {High-risk research in schizophrenia: A summary of what has been learned},
	author = {Erlenmeyer-Kimling, L. and Cornblatt, Barbara},
	year = {1987},
	month = {01},
	date = {1987-01},
	journal = {Journal of Psychiatric Research},
	pages = {401--411},
	volume = {21},
	number = {4},
	doi = {10.1016/0022-3956(87)90087-2},
	url = {http://dx.doi.org/10.1016/0022-3956(87)90087-2},
	langid = {en}
}

@article{snitz2005,
	title = {Cognitive Deficits in Unaffected First-Degree Relatives of Schizophrenia Patients: A Meta-analytic Review of Putative Endophenotypes},
	author = {Snitz, B. E},
	year = {2005},
	month = {09},
	date = {2005-09-15},
	journal = {Schizophrenia Bulletin},
	pages = {179--194},
	volume = {32},
	number = {1},
	doi = {10.1093/schbul/sbi048},
	url = {http://dx.doi.org/10.1093/schbul/sbi048},
	langid = {en}
}

@article{Trandafir2006,
	title = {Memory tests in first-degree adult relatives of schizophrenic patients: A meta-analysis},
	author = {Trandafir, A. and {Méary}, A. and {Schürhoff}, F. and Leboyer, M. and {Szöke}, A.},
	year = {2006},
	month = {01},
	date = {2006-01},
	journal = {Schizophrenia Research},
	pages = {217--226},
	volume = {81},
	number = {2-3},
	doi = {10.1016/j.schres.2005.09.005},
	url = {http://dx.doi.org/10.1016/j.schres.2005.09.005},
	langid = {en}
}

@article{cannon2000,
	title = {The Inheritance of Neuropsychological Dysfunction in Twins Discordant for Schizophrenia},
	author = {Cannon, Tyrone D. and Huttunen, Matti O. and Lonnqvist, Jouko and Tuulio-Henriksson, Annamari and Pirkola, Tiia and Glahn, David and Finkelstein, Jennifer and Hietanen, Marja and Kaprio, Jaakko and Koskenvuo, Markku},
	year = {2000},
	month = {08},
	date = {2000-08},
	journal = {The American Journal of Human Genetics},
	pages = {369--382},
	volume = {67},
	number = {2},
	doi = {10.1086/303006},
	url = {http://dx.doi.org/10.1086/303006},
	langid = {en}
}

@article{braff2005,
	title = {The use of neurophysiological endophenotypes to understand the genetic basis of schizophrenia},
	author = {Braff, David L. and Light, Gregory A.},
	year = {2005},
	month = {06},
	date = {2005-06-30},
	journal = {Dialogues in Clinical Neuroscience},
	pages = {125--135},
	volume = {7},
	number = {2},
	doi = {10.31887/dcns.2005.7.2/dlbraff},
	url = {http://dx.doi.org/10.31887/DCNS.2005.7.2/dlbraff},
	langid = {en}
}

@article{egan2001,
	title = {Relative risk for cognitive impairments in siblings of patients with schizophrenia},
	author = {Egan, Michael F and Goldberg, Terry E and Gscheidle, Tonya and Weirich, Mary and Rawlings, Robert and Hyde, Thomas M and Bigelow, Llewellyn and Weinberger, Daniel R},
	year = {2001},
	month = {07},
	date = {2001-07},
	journal = {Biological Psychiatry},
	pages = {98--107},
	volume = {50},
	number = {2},
	doi = {10.1016/s0006-3223(01)01133-7},
	url = {http://dx.doi.org/10.1016/s0006-3223(01)01133-7},
	langid = {en}
}

@article{donati2020,
	title = {Neurocognitive and neurophysiological endophenotypes in schizophrenia: An overview},
	author = {Donati, Francesco Luciano and {D{\textquoteright}Agostino}, Armando and Ferrarelli, Fabio},
	year = {2020},
	month = {12},
	date = {2020-12},
	journal = {Biomarkers in Neuropsychiatry},
	pages = {100017},
	volume = {3},
	doi = {10.1016/j.bionps.2020.100017},
	url = {http://dx.doi.org/10.1016/j.bionps.2020.100017},
	langid = {en}
}

@article{suslow1996,
	title = {Störungen der frühen Informationsverarbeitung und der Vigilanz als Vulnerabilitätsmarker für Schizophrenie},
	author = {Suslow, T. and Arolt, V.},
	year = {1996},
	month = {03},
	date = {1996-03},
	journal = {Fortschritte der Neurologie · Psychiatrie},
	pages = {90--104},
	volume = {64},
	number = {03},
	doi = {10.1055/s-2007-996375},
	url = {http://dx.doi.org/10.1055/s-2007-996375},
	langid = {de}
}

@article{Seidman2016,
	title = {Association of Neurocognition With Transition to Psychosis},
	author = {Seidman, Larry J. and Shapiro, Daniel I. and Stone, William S. and Woodberry, Kristen A. and Ronzio, Ashley and Cornblatt, Barbara A. and Addington, Jean and Bearden, Carrie E. and Cadenhead, Kristin S. and Cannon, Tyrone D. and Mathalon, Daniel H. and McGlashan, Thomas H. and Perkins, Diana O. and Tsuang, Ming T. and Walker, Elaine F. and Woods, Scott W.},
	year = {2016},
	month = {12},
	date = {2016-12-01},
	journal = {JAMA Psychiatry},
	pages = {1239},
	volume = {73},
	number = {12},
	doi = {10.1001/jamapsychiatry.2016.2479},
	url = {http://dx.doi.org/10.1001/jamapsychiatry.2016.2479},
	langid = {en}
}

@article{Lam2018,
}

@article{sheffield2018,
	title = {Cognitive Deficits in Psychotic Disorders: A Lifespan Perspective},
	author = {Sheffield, Julia M. and Karcher, Nicole R. and Barch, Deanna M.},
	year = {2018},
	month = {10},
	date = {2018-10-20},
	journal = {Neuropsychology Review},
	pages = {509--533},
	volume = {28},
	number = {4},
	doi = {10.1007/s11065-018-9388-2},
	url = {http://dx.doi.org/10.1007/s11065-018-9388-2},
	langid = {en}
}

@article{lappin2007,
	title = {Duration of untreated psychosis and neuropsychological function in first episode psychosis},
	author = {Lappin, Julia M. and Morgan, Kevin D. and Morgan, Craig and Dazzan, Paola and Reichenberg, Abraham and Zanelli, Jolanta W. and Fearon, Paul and Jones, Peter B. and Lloyd, Tuhina and Tarrant, Jane and Farrant, Annette and Leff, Julian and Murray, Robin M.},
	year = {2007},
	month = {09},
	date = {2007-09},
	journal = {Schizophrenia Research},
	pages = {103--110},
	volume = {95},
	number = {1-3},
	doi = {10.1016/j.schres.2007.05.037},
	url = {http://dx.doi.org/10.1016/j.schres.2007.05.037},
	langid = {en}
}

@article{rund2015,
	title = {Neurocognition and Duration of Psychosis: A 10-year Follow-up of First-Episode Patients},
	author = {Rund, {Bjørn Rishovd} and Barder, Helene Eidsmo and Evensen, Julie and Haahr, Ulrik and Hegelstad, Wenche ten Velden and Joa, Inge and Johannessen, Jan Olav and Langeveld, Johannes and Larsen, Tor Ketil and Melle, Ingrid and Opjordsmoen, Stein and {Røssberg}, Jan Ivar and Simonsen, Erik and Sundet, Kjetil and Vaglum, Per and McGlashan, Thomas and Friis, Svein},
	year = {2015},
	month = {06},
	date = {2015-06-21},
	journal = {Schizophrenia Bulletin},
	pages = {sbv083},
	doi = {10.1093/schbul/sbv083},
	url = {http://dx.doi.org/10.1093/schbul/sbv083},
	langid = {en}
}

@article{Zanelli2019,
}

@article{Zanelli2019a,
}

@article{Zanelli2019b,
	title = {Cognitive Change in Schizophrenia and Other Psychoses in the Decade Following the First Episode},
	author = {Zanelli, Jolanta and Mollon, Josephine and Sandin, Sven and Morgan, Craig and Dazzan, Paola and Pilecka, Izabela and Reis Marques, Tiago and David, Anthony S. and Morgan, Kevin and Fearon, Paul and Doody, Gillian A. and Jones, Peter B. and Murray, Robin M. and Reichenberg, Abraham},
	year = {2019},
	month = {10},
	date = {2019-10-01},
	journal = {American Journal of Psychiatry},
	pages = {811--819},
	volume = {176},
	number = {10},
	doi = {10.1176/appi.ajp.2019.18091088},
	url = {http://dx.doi.org/10.1176/appi.ajp.2019.18091088},
	langid = {en}
}

@article{Moritz2002,
}

@article{sánchez-torres2017,
	title = {Individual trajectories of cognitive performance in first episode psychosis: a 2-year follow-up study},
	author = {{Sánchez-Torres}, A. M. and ,  and Moreno-Izco, L. and {Lorente-Omeñaca}, R. and Cabrera, B. and Lobo, A. and {González-Pinto}, A. M. and {Merchán-Naranjo}, J. and Corripio, I. and Vieta, E. and de la Serna, E. and Butjosa, A. and Contreras, F. and {Sarró}, S. and Mezquida, G. and Ribeiro, M. and Bernardo, M. and Cuesta, M. J.},
	year = {2017},
	month = {11},
	date = {2017-11-21},
	journal = {European Archives of Psychiatry and Clinical Neuroscience},
	pages = {699--711},
	volume = {268},
	number = {7},
	doi = {10.1007/s00406-017-0857-z},
	url = {http://dx.doi.org/10.1007/s00406-017-0857-z},
	langid = {en}
}

@article{albus2019,
	title = {Neurocognitive functioning in patients with first-episode schizophrenia: results of a prospective 15-year follow-up study},
	author = {Albus, M. and Hubmann, W. and Mohr, F. and Tiedemann, T. v. and Pechler, S. and {Drießlein}, D. and {Küchenhoff}, H.},
	year = {2019},
	month = {06},
	date = {2019-06-18},
	journal = {European Archives of Psychiatry and Clinical Neuroscience},
	pages = {689--698},
	volume = {270},
	number = {6},
	doi = {10.1007/s00406-019-01030-z},
	url = {http://dx.doi.org/10.1007/s00406-019-01030-z},
	langid = {en}
}

@article{Davidson1996,
	title = {Cognitive functioning in late-life schizophrenia: a comparison of elderly schizophrenic patients and patients with Alzheimer's disease},
	year = {1996},
	month = {10},
	date = {1996-10},
	journal = {American Journal of Psychiatry},
	pages = {1274--1279},
	volume = {153},
	number = {10},
	doi = {10.1176/ajp.153.10.1274},
	url = {http://dx.doi.org/10.1176/ajp.153.10.1274},
	langid = {en}
}

@article{Sponheim2010,
	title = {Cognitive deficits in recent-onset and chronic schizophrenia},
	author = {Sponheim, S.R. and Jung, R.E. and Seidman, L.J. and Mesholam-Gately, R.I. and Manoach, D.S. and {O{\textquoteright}Leary}, D.S. and Ho, B.C. and Andreasen, N.C. and Lauriello, J. and Schulz, S.C.},
	year = {2010},
	month = {05},
	date = {2010-05},
	journal = {Journal of Psychiatric Research},
	pages = {421--428},
	volume = {44},
	number = {7},
	doi = {10.1016/j.jpsychires.2009.09.010},
	url = {http://dx.doi.org/10.1016/j.jpsychires.2009.09.010},
	langid = {en}
}

@article{irani2010,
	title = {Neuropsychological Performance in Older Patients With Schizophrenia: A Meta-Analysis of Cross-sectional and Longitudinal Studies},
	author = {Irani, Farzin and Kalkstein, Solomon and Moberg, Emily A. and Moberg, Paul J.},
	year = {2010},
	month = {06},
	date = {2010-06-14},
	journal = {Schizophrenia Bulletin},
	pages = {1318--1326},
	volume = {37},
	number = {6},
	doi = {10.1093/schbul/sbq057},
	url = {http://dx.doi.org/10.1093/schbul/sbq057},
	langid = {en}
}

@article{hochberger2016,
	title = {Unitary construct of generalized cognitive ability underlying BACS performance across psychotic disorders and in their first-degree relatives},
	author = {Hochberger, W.C. and Hill, S.K. and Nelson, C.L.M. and Reilly, J.L. and Keefe, R.S.E. and Pearlson, G.D. and Keshavan, M.S. and Tamminga, C.A. and Clementz, B.A. and Sweeney, J.A.},
	year = {2016},
	month = {01},
	date = {2016-01},
	journal = {Schizophrenia Research},
	pages = {156--161},
	volume = {170},
	number = {1},
	doi = {10.1016/j.schres.2015.11.022},
	url = {http://dx.doi.org/10.1016/j.schres.2015.11.022},
	langid = {en}
}

@article{rajji2008,
	title = {Nature and course of cognitive function in late-life schizophrenia: A systematic review},
	author = {RAJJI, T and MULSANT, B},
	year = {2008},
	month = {07},
	date = {2008-07},
	journal = {Schizophrenia Research},
	pages = {122--140},
	volume = {102},
	number = {1-3},
	doi = {10.1016/j.schres.2008.03.015},
	url = {http://dx.doi.org/10.1016/j.schres.2008.03.015},
	langid = {en}
}

@article{shah2011,
	title = {Is There Evidence for Late Cognitive Decline in Chronic Schizophrenia?},
	author = {Shah, Jharna N. and Qureshi, Salah U. and Jawaid, Ali and Schulz, Paul E.},
	year = {2011},
	month = {08},
	date = {2011-08-24},
	journal = {Psychiatric Quarterly},
	pages = {127--144},
	volume = {83},
	number = {2},
	doi = {10.1007/s11126-011-9189-8},
	url = {http://dx.doi.org/10.1007/s11126-011-9189-8},
	langid = {en}
}

@article{häfner2004,
	title = {Schizophrenia: still Kraepelin's Dementia Praecox?},
	author = {{Häfner}, Heinz},
	year = {2004},
	month = {06},
	date = {2004-06},
	journal = {Epidemiologia e Psichiatria Sociale},
	pages = {99--112},
	volume = {13},
	number = {2},
	doi = {10.1017/s1121189x00003328},
	url = {http://dx.doi.org/10.1017/S1121189X00003328},
	langid = {en}
}

@article{carruthers2019,
	title = {Characterising the structure of cognitive heterogeneity in schizophrenia spectrum disorders. A systematic review and narrative synthesis},
	author = {Carruthers, Sean P. and Van Rheenen, Tamsyn E. and Gurvich, Caroline and Sumner, Philip J. and Rossell, Susan L.},
	year = {2019},
	month = {12},
	date = {2019-12},
	journal = {Neuroscience & Biobehavioral Reviews},
	pages = {252--278},
	volume = {107},
	doi = {10.1016/j.neubiorev.2019.09.006},
	url = {http://dx.doi.org/10.1016/j.neubiorev.2019.09.006},
	langid = {en}
}

@article{thompson2013,
	title = {Characterizing trajectories of cognitive functioning in older adults with schizophrenia: Does method matter?},
	author = {Thompson, Wesley K. and Savla, Gauri N. and Vahia, Ipsit V. and Depp, Colin A. and {O'Hara}, Ruth and Jeste, Dilip V. and Palmer, Barton W.},
	year = {2013},
	month = {01},
	date = {2013-01},
	journal = {Schizophrenia Research},
	pages = {90--96},
	volume = {143},
	number = {1},
	doi = {10.1016/j.schres.2012.10.033},
	url = {http://dx.doi.org/10.1016/j.schres.2012.10.033},
	langid = {en}
}

@article{mccleery2019,
	title = {Cognitive impairment in psychotic illness: prevalence, profile of impairment, developmental course, and treatment considerations},
	author = {McCleery, Amanda and Nuechterlein, Keith H.},
	year = {2019},
	month = {09},
	date = {2019-09-30},
	journal = {Dialogues in Clinical Neuroscience},
	pages = {239--248},
	volume = {21},
	number = {3},
	doi = {10.31887/dcns.2019.21.3/amccleery},
	url = {http://dx.doi.org/10.31887/DCNS.2019.21.3/amccleery},
	langid = {en}
}

@article{friedman2001,
	title = {Six-Year Follow-Up Study of Cognitive and Functional Status Across the Lifespan in Schizophrenia: A Comparison With Alzheimer{\textquoteright}s Disease and Normal Aging},
	author = {Friedman, Joseph I. and Harvey, Philip D. and Coleman, Thomas and Moriarty, Patrick J. and Bowie, Christopher and Parrella, Mike and White, Leonard and Adler, David and Davis, Kenneth L.},
	year = {2001},
	month = {09},
	date = {2001-09},
	journal = {American Journal of Psychiatry},
	pages = {1441--1448},
	volume = {158},
	number = {9},
	doi = {10.1176/appi.ajp.158.9.1441},
	url = {http://dx.doi.org/10.1176/appi.ajp.158.9.1441},
	langid = {en}
}

@article{rajji2009,
	title = {Age at onset and cognition in schizophrenia: meta-analysis},
	author = {Rajji, T. K. and Ismail, Z. and Mulsant, B. H.},
	year = {2009},
	month = {10},
	date = {2009-10},
	journal = {British Journal of Psychiatry},
	pages = {286--293},
	volume = {195},
	number = {4},
	doi = {10.1192/bjp.bp.108.060723},
	url = {http://dx.doi.org/10.1192/bjp.bp.108.060723},
	langid = {en}
}

@article{fujii2003,
	title = {Neurocognition and community outcome in schizophrenia: long-term predictive validity},
	author = {Fujii, Daryl E. and Wylie, A.Michael},
	year = {2003},
	month = {02},
	date = {2003-02},
	journal = {Schizophrenia Research},
	pages = {219--223},
	volume = {59},
	number = {2-3},
	doi = {10.1016/s0920-9964(01)00328-0},
	url = {http://dx.doi.org/10.1016/s0920-9964(01)00328-0},
	langid = {en}
}

@article{cervellione2007,
	title = {Neurocognitive Deficits in Adolescents With Schizophrenia: Longitudinal Stability and Predictive Utility for Short-Term Functional Outcome},
	author = {CERVELLIONE, KELLY L. and BURDICK, KATHERINE E. and COTTONE, JOHN G. and RHINEWINE, JOSEPH P. and KUMRA, SANJIV},
	year = {2007},
	month = {07},
	date = {2007-07},
	journal = {Journal of the American Academy of Child & Adolescent Psychiatry},
	pages = {867--878},
	volume = {46},
	number = {7},
	doi = {10.1097/chi.0b013e318054678d},
	url = {http://dx.doi.org/10.1097/chi.0b013e318054678d},
	langid = {en}
}

@article{green2014,
	title = {Cognition in schizophrenia: Past, present, and future},
	author = {Green, Michael F. and Harvey, Philip D.},
	year = {2014},
	month = {03},
	date = {2014-03},
	journal = {Schizophrenia Research: Cognition},
	pages = {e1--e9},
	volume = {1},
	number = {1},
	doi = {10.1016/j.scog.2014.02.001},
	url = {http://dx.doi.org/10.1016/j.scog.2014.02.001},
	langid = {en}
}

@article{øie2011,
	title = {Neurocognition and functional outcome in early-onset schizophrenia and attention-deficit/hyperactivity disorder: A 13-year follow-up.},
	author = {{Øie}, Merete and Sundet, Kjetil and Ueland, Torill},
	year = {2011},
	date = {2011},
	journal = {Neuropsychology},
	pages = {25--35},
	volume = {25},
	number = {1},
	doi = {10.1037/a0020855},
	url = {http://dx.doi.org/10.1037/a0020855},
	langid = {en}
}

@article{wittorf2007,
	title = {Prediction of community outcome in schizophrenia 1 year after discharge from inpatient treatment},
	author = {Wittorf, Andreas and Wiedemann, Georg and Buchkremer, Gerhard and Klingberg, Stefan},
	year = {2007},
	month = {11},
	date = {2007-11-07},
	journal = {European Archives of Psychiatry and Clinical Neuroscience},
	pages = {48--58},
	volume = {258},
	number = {1},
	doi = {10.1007/s00406-007-0761-z},
	url = {http://dx.doi.org/10.1007/s00406-007-0761-z},
	langid = {en}
}

@article{rajji2014,
	title = {Cognition, Function, and Disability in Patients with Schizophrenia: A Review of Longitudinal Studies},
	author = {Rajji, Tarek K and Miranda, Dielle and Mulsant, Benoit H},
	year = {2014},
	month = {01},
	date = {2014-01},
	journal = {The Canadian Journal of Psychiatry},
	pages = {13--17},
	volume = {59},
	number = {1},
	doi = {10.1177/070674371405900104},
	url = {http://dx.doi.org/10.1177/070674371405900104},
	langid = {en}
}

@article{gold2002,
	title = {Cognitive Correlates of Job Tenure Among Patients With Severe Mental Illness},
	author = {Gold, James M. and Goldberg, Richard W. and McNary, Scot W. and Dixon, Lisa B. and Lehman, Anthony F.},
	year = {2002},
	month = {08},
	date = {2002-08},
	journal = {American Journal of Psychiatry},
	pages = {1395--1402},
	volume = {159},
	number = {8},
	doi = {10.1176/appi.ajp.159.8.1395},
	url = {http://dx.doi.org/10.1176/appi.ajp.159.8.1395},
	langid = {en}
}

@article{bryson2003,
	author = {BRYSON, GARY and BELL, MORRIS},
	year = {2003},
	month = {02},
	date = {2003-02-01},
	journal = {Journal of Nervous & Mental Disease},
	pages = {87--92},
	volume = {191},
	number = {2},
	doi = {10.1097/00005053-200302000-00004},
	url = {http://dx.doi.org/10.1097/00005053-200302000-00004}
}

@article{nakagami2010,
	title = {The Prospective Relationships Among Intrinsic Motivation, Neurocognition, and Psychosocial Functioning in Schizophrenia},
	author = {Nakagami, E. and Hoe, M. and Brekke, J. S.},
	year = {2010},
	month = {05},
	date = {2010-05-12},
	journal = {Schizophrenia Bulletin},
	pages = {935--948},
	volume = {36},
	number = {5},
	doi = {10.1093/schbul/sbq043},
	url = {http://dx.doi.org/10.1093/schbul/sbq043},
	langid = {en}
}

@article{maltais2015,
	title = {Correlation between age and MMSE in schizophrenia},
	author = {Maltais, Jean-Robert and Gagnon, {Geneviève} and Garant, Marie-Pierre and Trudel, {Jean-François}},
	year = {2015},
	month = {04},
	date = {2015-04-15},
	journal = {International Psychogeriatrics},
	pages = {1769--1775},
	volume = {27},
	number = {11},
	doi = {10.1017/s1041610215000459},
	url = {http://dx.doi.org/10.1017/S1041610215000459},
	langid = {en}
}
