
@inbook{lake2012,
	title = {The Subtypes and the Positive and Negative Diagnostic Symptoms of Schizophrenia Are Explained by Psychotic Mood Disorders},
	author = {Lake, C. Raymond},
	year = {2012},
	date = {2012},
	publisher = {Springer US},
	pages = {241--269},
	doi = {10.1007/978-1-4614-1870-2_12},
	url = {http://dx.doi.org/10.1007/978-1-4614-1870-2_12}
}

@article{azorin2014,
	title = {Negative Symptoms in Schizophrenia: Where We have been and Where We are Heading},
	author = {Azorin, Jean-Michel and Belzeaux, Raoul and Adida, Marc},
	year = {2014},
	month = {06},
	date = {2014-06-16},
	journal = {CNS Neuroscience & Therapeutics},
	pages = {801--808},
	volume = {20},
	number = {9},
	doi = {10.1111/cns.12292},
	url = {http://dx.doi.org/10.1111/cns.12292},
	langid = {en}
}

@inbook{snezhnevsky1968,
	title = {The symptomatology, clinical forms and nosology of schizophrenia},
	author = {Snezhnevsky, A},
	year = {1968},
	date = {1968},
	publisher = {Brunner{-}Mazel},
	pages = {425{\textendash}447},
	note = {Google-Books-ID: hahrAAAAMAAJ},
	langid = {en}
}

@book{reynolds1861,
	title = {Epilepsy: Its Symptoms, Treatment, and Relation to Other Chronic Convulsive Diseases},
	author = {Reynolds, Sir John Russell},
	year = {1861},
	date = {1861},
	publisher = {Abbott Laboratories},
	langid = {en}
}

@article{marder2017,
	title = {The current conceptualization of negative symptoms in schizophrenia},
	author = {Marder, Stephen R. and Galderisi, Silvana},
	year = {2017},
	month = {01},
	date = {2017-01-26},
	journal = {World Psychiatry},
	pages = {14--24},
	volume = {16},
	number = {1},
	doi = {10.1002/wps.20385},
	url = {http://dx.doi.org/10.1002/wps.20385},
	langid = {en}
}

@article{foussias2014,
	title = {Negative symptoms of schizophrenia: Clinical features, relevance to real world functioning and specificity versus other CNS disorders},
	author = {Foussias, George and Agid, Ofer and Fervaha, Gagan and Remington, Gary},
	year = {2014},
	month = {05},
	date = {2014-05},
	journal = {European Neuropsychopharmacology},
	pages = {693--709},
	volume = {24},
	number = {5},
	doi = {10.1016/j.euroneuro.2013.10.017},
	url = {http://dx.doi.org/10.1016/j.euroneuro.2013.10.017},
	langid = {en}
}

@article{strauss1974,
	title = {Part III. Speculations on the Processes That Underlie Schizophrenic Symptoms and Signs},
	author = {Strauss, J. S. and Carpenter, W. T. and Bartko, J. J.},
	year = {1974},
	month = {12},
	date = {1974-12-01},
	journal = {Schizophrenia Bulletin},
	pages = {61--69},
	volume = {1},
	number = {11},
	doi = {10.1093/schbul/1.11.61},
	url = {http://dx.doi.org/10.1093/schbul/1.11.61},
	langid = {en}
}

@article{crow1980,
	title = {Molecular pathology of schizophrenia: more than one disease process?},
	author = {Crow, T J},
	year = {1980},
	month = {01},
	date = {1980-01-12},
	journal = {BMJ},
	pages = {66--68},
	volume = {280},
	number = {6207},
	doi = {10.1136/bmj.280.6207.66},
	url = {http://dx.doi.org/10.1136/bmj.280.6207.66},
	langid = {en}
}

@article{deficit1988,
	title = {Deficit and nondeficit forms of schizophrenia: the concept},
	year = {1988},
	month = {05},
	date = {1988-05},
	journal = {American Journal of Psychiatry},
	pages = {578--583},
	volume = {145},
	number = {5},
	doi = {10.1176/ajp.145.5.578},
	url = {http://dx.doi.org/10.1176/ajp.145.5.578},
	langid = {en}
}

@article{Kirkpatrick2008,
	title = {Deficit schizophrenia: an update},
	author = {KIRKPATRICK, BRIAN and GALDERISI, SILVANA},
	year = {2008},
	month = {10},
	date = {2008-10},
	journal = {World Psychiatry},
	pages = {143--147},
	volume = {7},
	number = {3},
	doi = {10.1002/j.2051-5545.2008.tb00181.x},
	url = {http://dx.doi.org/10.1002/j.2051-5545.2008.tb00181.x},
	langid = {en}
}

@article{Kirkpatrick2006,
	title = {The NIMH-MATRICS Consensus Statement on Negative Symptoms},
	author = {Kirkpatrick, B. and Fenton, W. S and Carpenter, W. T and Marder, S. R},
	year = {2006},
	month = {02},
	date = {2006-02-15},
	journal = {Schizophrenia Bulletin},
	pages = {214--219},
	volume = {32},
	number = {2},
	doi = {10.1093/schbul/sbj053},
	url = {http://dx.doi.org/10.1093/schbul/sbj053},
	langid = {en}
}

@article{Buchanan2007,
	title = {Persistent Negative Symptoms in Schizophrenia: An Overview},
	author = {Buchanan, R. W.},
	year = {2007},
	month = {03},
	date = {2007-03-15},
	journal = {Schizophrenia Bulletin},
	pages = {1013--1022},
	volume = {33},
	number = {4},
	doi = {10.1093/schbul/sbl057},
	url = {http://dx.doi.org/10.1093/schbul/sbl057},
	langid = {en}
}

@article{blanchard2005,
	title = {The Structure of Negative Symptoms Within Schizophrenia: Implications for Assessment},
	author = {Blanchard, J. J and Cohen, A. S},
	year = {2005},
	month = {10},
	date = {2005-10-27},
	journal = {Schizophrenia Bulletin},
	pages = {238--245},
	volume = {32},
	number = {2},
	doi = {10.1093/schbul/sbj013},
	url = {http://dx.doi.org/10.1093/schbul/sbj013},
	langid = {en}
}

@article{ekman1976,
	title = {Measuring facial movement},
	author = {Ekman, Paul and Friesen, Wallace V.},
	year = {1976},
	date = {1976},
	journal = {Environmental Psychology and Nonverbal Behavior},
	pages = {56--75},
	volume = {1},
	number = {1},
	doi = {10.1007/bf01115465},
	url = {http://dx.doi.org/10.1007/BF01115465},
	langid = {en}
}

@article{kring2007,
	title = {The Facial Expression Coding System (FACES): Development, validation, and utility.},
	author = {Kring, Ann M. and Sloan, Denise M.},
	year = {2007},
	date = {2007},
	journal = {Psychological Assessment},
	pages = {210--224},
	volume = {19},
	number = {2},
	doi = {10.1037/1040-3590.19.2.210},
	url = {http://dx.doi.org/10.1037/1040-3590.19.2.210},
	langid = {en}
}

@article{trémeau2006,
	title = {A review of emotion deficits in schizophrenia},
	author = {{Trémeau}, Fabien},
	year = {2006},
	month = {03},
	date = {2006-03-31},
	journal = {Dialogues in Clinical Neuroscience},
	pages = {59--70},
	volume = {8},
	number = {1},
	doi = {10.31887/dcns.2006.8.1/ftremeau},
	url = {http://dx.doi.org/10.31887/DCNS.2006.8.1/ftremeau},
	langid = {en}
}

@article{brüne2008,
	title = {Nonverbal Behavior During Standardized Interviews in Patients With Schizophrenia Spectrum Disorders},
	author = {{Brüne}, Martin and Sonntag, Claudia and Abdel-Hamid, Mona and {Lehmkämper}, Caroline and Juckel, Georg and Troisi, Alfonso},
	year = {2008},
	month = {04},
	date = {2008-04},
	journal = {Journal of Nervous & Mental Disease},
	pages = {282--288},
	volume = {196},
	number = {4},
	doi = {10.1097/nmd.0b013e31816a4922},
	url = {http://dx.doi.org/10.1097/NMD.0b013e31816a4922},
	langid = {en}
}

@article{kupper2010,
	title = {Video-based quantification of body movement during social interaction indicates the severity of negative symptoms in patients with schizophrenia},
	author = {Kupper, Zeno and Ramseyer, Fabian and Hoffmann, Holger and Kalbermatten, Samuel and Tschacher, Wolfgang},
	year = {2010},
	month = {08},
	date = {2010-08},
	journal = {Schizophrenia Research},
	pages = {90--100},
	volume = {121},
	number = {1-3},
	doi = {10.1016/j.schres.2010.03.032},
	url = {http://dx.doi.org/10.1016/j.schres.2010.03.032},
	langid = {en}
}

@article{lavelle2012,
	title = {Is Nonverbal Communication Disrupted in Interactions Involving Patients With Schizophrenia?},
	author = {Lavelle, M. and Healey, P. G. T. and McCabe, R.},
	year = {2012},
	month = {09},
	date = {2012-09-01},
	journal = {Schizophrenia Bulletin},
	pages = {1150--1158},
	volume = {39},
	number = {5},
	doi = {10.1093/schbul/sbs091},
	url = {http://dx.doi.org/10.1093/schbul/sbs091},
	langid = {en}
}

@article{cohen2008,
	title = {Emotional Experience in Patients With Schizophrenia Revisited: Meta-analysis of Laboratory Studies},
	author = {Cohen, A. S. and Minor, K. S.},
	year = {2008},
	month = {06},
	date = {2008-06-17},
	journal = {Schizophrenia Bulletin},
	pages = {143--150},
	volume = {36},
	number = {1},
	doi = {10.1093/schbul/sbn061},
	url = {http://dx.doi.org/10.1093/schbul/sbn061},
	langid = {en}
}

@article{llerena2012,
	title = {Looking at the other side of the coin: A meta-analysis of self-reported emotional arousal in people with schizophrenia},
	author = {Llerena, Katiah and Strauss, Gregory P. and Cohen, Alex S.},
	year = {2012},
	month = {12},
	date = {2012-12},
	journal = {Schizophrenia Research},
	pages = {65--70},
	volume = {142},
	number = {1-3},
	doi = {10.1016/j.schres.2012.09.005},
	url = {http://dx.doi.org/10.1016/j.schres.2012.09.005},
	langid = {en}
}

@article{barch2010,
	title = {Goal Representations and Motivational Drive in Schizophrenia: The Role of Prefrontal-Striatal Interactions},
	author = {Barch, D. M. and Dowd, E. C.},
	year = {2010},
	month = {06},
	date = {2010-06-21},
	journal = {Schizophrenia Bulletin},
	pages = {919--934},
	volume = {36},
	number = {5},
	doi = {10.1093/schbul/sbq068},
	url = {http://dx.doi.org/10.1093/schbul/sbq068},
	langid = {en}
}

@article{gard2007,
	title = {Anhedonia in schizophrenia: Distinctions between anticipatory and consummatory pleasure},
	author = {Gard, David E. and Kring, Ann M. and Gard, Marja Germans and Horan, William P. and Green, Michael F.},
	year = {2007},
	month = {07},
	date = {2007-07},
	journal = {Schizophrenia Research},
	pages = {253--260},
	volume = {93},
	number = {1-3},
	doi = {10.1016/j.schres.2007.03.008},
	url = {http://dx.doi.org/10.1016/j.schres.2007.03.008},
	langid = {en}
}

@article{mucci2015,
	title = {Is avolition in schizophrenia associated with a deficit of dorsal caudate activity? A functional magnetic resonance imaging study during reward anticipation and feedback},
	author = {Mucci, A. and Dima, D. and Soricelli, A. and Volpe, U. and Bucci, P. and Frangou, S. and Prinster, A. and Salvatore, M. and Galderisi, S. and Maj, M.},
	year = {2015},
	month = {01},
	date = {2015-01-12},
	journal = {Psychological Medicine},
	pages = {1765--1778},
	volume = {45},
	number = {8},
	doi = {10.1017/s0033291714002943},
	url = {http://dx.doi.org/10.1017/S0033291714002943},
	langid = {en}
}

@article{lambert2018,
	title = {Anhedonia in depression and schizophrenia: A transdiagnostic challenge},
	author = {Lambert, Clare and Da Silva, Susana and Ceniti, Amanda K. and Rizvi, Sakina J. and Foussias, George and Kennedy, Sidney H.},
	year = {2018},
	month = {04},
	date = {2018-04-23},
	journal = {CNS Neuroscience & Therapeutics},
	pages = {615--623},
	volume = {24},
	number = {7},
	doi = {10.1111/cns.12854},
	url = {http://dx.doi.org/10.1111/cns.12854},
	langid = {en}
}

@article{pelizza2009,
	title = {Anhedonia in schizophrenia and major depression: state or trait?},
	author = {Pelizza, Lorenzo and Ferrari, Alberto},
	year = {2009},
	month = {10},
	date = {2009-10-08},
	journal = {Annals of General Psychiatry},
	volume = {8},
	number = {1},
	doi = {10.1186/1744-859x-8-22},
	url = {http://dx.doi.org/10.1186/1744-859X-8-22},
	langid = {en}
}

@article{liang2022,
	title = {Anhedonia in Depression and Schizophrenia: Brain Reward and Aversion Circuits},
	author = {Liang, Sugai and Wu, Yue and Hanxiaoran, Li and Greenshaw, Andrew J and Li, Tao},
	year = {2022},
	month = {07},
	date = {2022-07},
	journal = {Neuropsychiatric Disease and Treatment},
	pages = {1385--1396},
	volume = {Volume 18},
	doi = {10.2147/ndt.s367839},
	url = {http://dx.doi.org/10.2147/NDT.S367839},
	langid = {en}
}

@article{yu2021,
	title = {Association of Cognitive Impairment With Anhedonia in Patients With Schizophrenia},
	author = {Yu, Lingfang and Ni, Hua and Wu, Zenan and Fang, Xinyu and Chen, Yan and Wang, Dandan and Zhang, Chen},
	year = {2021},
	month = {12},
	date = {2021-12-02},
	journal = {Frontiers in Psychiatry},
	volume = {12},
	doi = {10.3389/fpsyt.2021.762216},
	url = {http://dx.doi.org/10.3389/fpsyt.2021.762216}
}

@article{foussias2008,
	title = {Negative Symptoms in Schizophrenia: Avolition and Occam's Razor},
	author = {Foussias, G. and Remington, G.},
	year = {2008},
	month = {07},
	date = {2008-07-21},
	journal = {Schizophrenia Bulletin},
	pages = {359--369},
	volume = {36},
	number = {2},
	doi = {10.1093/schbul/sbn094},
	url = {http://dx.doi.org/10.1093/schbul/sbn094},
	langid = {en}
}

@article{faerden2009,
	title = {Apathy and Functioning in First-Episode Psychosis},
	author = {Faerden, Ann and Friis, Svein and Agartz, Ingrid and Barrett, Elizabeth Ann and {Nesvåg}, Ragnar and Finset, Arnstein and Melle, Ingrid},
	year = {2009},
	month = {11},
	date = {2009-11},
	journal = {Psychiatric Services},
	pages = {1495--1503},
	volume = {60},
	number = {11},
	doi = {10.1176/ps.2009.60.11.1495},
	url = {http://dx.doi.org/10.1176/ps.2009.60.11.1495},
	langid = {en}
}

@article{strauss2013,
	title = {Deconstructing negative symptoms of schizophrenia: Avolition{\textendash}apathy and diminished expression clusters predict clinical presentation and functional outcome},
	author = {Strauss, Gregory P. and Horan, William P. and Kirkpatrick, Brian and Fischer, Bernard A. and Keller, William R. and Miski, Pinar and Buchanan, Robert W. and Green, Michael F. and Carpenter, William T.},
	year = {2013},
	month = {06},
	date = {2013-06},
	journal = {Journal of Psychiatric Research},
	pages = {783--790},
	volume = {47},
	number = {6},
	doi = {10.1016/j.jpsychires.2013.01.015},
	url = {http://dx.doi.org/10.1016/j.jpsychires.2013.01.015},
	langid = {en}
}

@article{strauss2012,
	title = {Factor structure of the brief negative symptom scale},
	author = {Strauss, Gregory P. and Hong, L. Elliot and Gold, James M. and Buchanan, Robert W. and McMahon, Robert P. and Keller, William R. and Fischer, Bernard A. and Catalano, Lauren T. and Culbreth, Adam J. and Carpenter, William T. and Kirkpatrick, Brian},
	year = {2012},
	month = {12},
	date = {2012-12},
	journal = {Schizophrenia Research},
	pages = {96--98},
	volume = {142},
	number = {1-3},
	doi = {10.1016/j.schres.2012.09.007},
	url = {http://dx.doi.org/10.1016/j.schres.2012.09.007},
	langid = {en}
}

@article{strauss2020,
	title = {Network Analysis Indicates That Avolition Is the Most Central Domain for the Successful Treatment of Negative Symptoms: Evidence From the Roluperidone Randomized Clinical Trial},
	author = {Strauss, Gregory P and Zamani Esfahlani, Farnaz and Sayama, Hiroki and Kirkpatrick, Brian and Opler, Mark G and Saoud, Jay B and Davidson, Michael and Luthringer, Remy},
	year = {2020},
	month = {01},
	date = {2020-01-28},
	journal = {Schizophrenia Bulletin},
	pages = {964--970},
	volume = {46},
	number = {4},
	doi = {10.1093/schbul/sbz141},
	url = {http://dx.doi.org/10.1093/schbul/sbz141},
	langid = {en}
}

@article{strauss2021,
	title = {Avolition as the core negative symptom in schizophrenia: relevance to pharmacological treatment development},
	author = {Strauss, Gregory P. and Bartolomeo, Lisa A. and Harvey, Philip D.},
	year = {2021},
	month = {02},
	date = {2021-02-26},
	journal = {npj Schizophrenia},
	volume = {7},
	number = {1},
	doi = {10.1038/s41537-021-00145-4},
	url = {http://dx.doi.org/10.1038/s41537-021-00145-4},
	langid = {en}
}

@article{postpsyc1988,
	title = {Postpsychotic depression and negative symptoms: an investigation of syndromal overlap},
	year = {1988},
	month = {12},
	date = {1988-12},
	journal = {American Journal of Psychiatry},
	pages = {1532--1537},
	volume = {145},
	number = {12},
	doi = {10.1176/ajp.145.12.1532},
	url = {http://dx.doi.org/10.1176/ajp.145.12.1532},
	langid = {en}
}

@article{fenton1991,
	title = {Natural History of Schizophrenia Subtypes},
	author = {Fenton, Wayne S.},
	year = {1991},
	month = {11},
	date = {1991-11-01},
	journal = {Archives of General Psychiatry},
	pages = {978},
	volume = {48},
	number = {11},
	doi = {10.1001/archpsyc.1991.01810350018003},
	url = {http://dx.doi.org/10.1001/archpsyc.1991.01810350018003},
	langid = {en}
}

@article{pogue-geile1985,
	title = {Negative Symptoms in Schizophrenia: Their Longitudinal Course and Prognostic Importance},
	author = {Pogue-Geile, M. F. and Harrow, M.},
	year = {1985},
	month = {01},
	date = {1985-01-01},
	journal = {Schizophrenia Bulletin},
	pages = {427--439},
	volume = {11},
	number = {3},
	doi = {10.1093/schbul/11.3.427},
	url = {http://dx.doi.org/10.1093/schbul/11.3.427},
	langid = {en}
}

@article{karow2002,
	title = {Psychosocial outcomes in patients with schizophrenia: quality of life and reintegration},
	author = {Karow, Anne and Naber, Dieter},
	year = {2002},
	month = {01},
	date = {2002-01},
	journal = {Current Opinion in Psychiatry},
	pages = {31--36},
	volume = {15},
	number = {1},
	doi = {10.1097/00001504-200201000-00006},
	url = {http://dx.doi.org/10.1097/00001504-200201000-00006},
	langid = {en}
}

@article{addington2000,
	title = {Neurocognitive and social functioning in schizophrenia: a 2.5 year follow-up study},
	author = {Addington, Jean and Addington, Donald},
	year = {2000},
	month = {07},
	date = {2000-07},
	journal = {Schizophrenia Research},
	pages = {47--56},
	volume = {44},
	number = {1},
	doi = {10.1016/s0920-9964(99)00160-7},
	url = {http://dx.doi.org/10.1016/s0920-9964(99)00160-7},
	langid = {en}
}

@article{harvey2005,
	title = {Negative Symptoms and Cognitive Deficits: What Is the Nature of Their Relationship?},
	author = {Harvey, P. D and Koren, D. and Reichenberg, A. and Bowie, C. R},
	year = {2005},
	month = {10},
	date = {2005-10-12},
	journal = {Schizophrenia Bulletin},
	pages = {250--258},
	volume = {32},
	number = {2},
	doi = {10.1093/schbul/sbj011},
	url = {http://dx.doi.org/10.1093/schbul/sbj011},
	langid = {en}
}

@article{horan2011,
	title = {Development and psychometric validation of the Clinical Assessment Interview for Negative Symptoms (CAINS)},
	author = {Horan, William P. and Kring, Ann M. and Gur, Raquel E. and Reise, Steven P. and Blanchard, Jack J.},
	year = {2011},
	month = {11},
	date = {2011-11},
	journal = {Schizophrenia Research},
	pages = {140--145},
	volume = {132},
	number = {2-3},
	doi = {10.1016/j.schres.2011.06.030},
	url = {http://dx.doi.org/10.1016/j.schres.2011.06.030},
	langid = {en}
}

@article{kirkpatrick2010,
	title = {The Brief Negative Symptom Scale: Psychometric Properties},
	author = {Kirkpatrick, Brian and Strauss, Gregory P. and Nguyen, Linh and Fischer, Bernard A. and Daniel, David G. and Cienfuegos, Angel and Marder, Stephen R.},
	year = {2010},
	month = {06},
	date = {2010-06-17},
	journal = {Schizophrenia Bulletin},
	pages = {300--305},
	volume = {37},
	number = {2},
	doi = {10.1093/schbul/sbq059},
	url = {http://dx.doi.org/10.1093/schbul/sbq059},
	langid = {en}
}

@article{Strauss2016,
	title = {A Psychometric Comparison of the Clinical Assessment Interview for Negative Symptoms and the Brief Negative Symptom Scale},
	author = {Strauss, Gregory P. and Gold, James M.},
	year = {2016},
	month = {05},
	date = {2016-05-12},
	journal = {Schizophrenia Bulletin},
	pages = {1384--1394},
	volume = {42},
	number = {6},
	doi = {10.1093/schbul/sbw046},
	url = {http://dx.doi.org/10.1093/schbul/sbw046},
	langid = {en}
}

@article{Alphs2011,
	title = {Validation of a 4-item Negative Symptom Assessment (NSA-4): a short, practical clinical tool for the assessment of negative symptoms in schizophrenia},
	author = {Alphs, Larry and Morlock, Robert and Coon, Cheryl and Cazorla, Pilar and Szegedi, Armin and Panagides, John},
	year = {2011},
	month = {05},
	date = {2011-05-02},
	journal = {International Journal of Methods in Psychiatric Research},
	pages = {e31--e37},
	volume = {20},
	number = {2},
	doi = {10.1002/mpr.339},
	url = {http://dx.doi.org/10.1002/mpr.339},
	langid = {en}
}

@article{alphs1989,
	title = {The negative symptom assessment: a new instrument to assess negative symptoms of schizophrenia},
	author = {Alphs, L. D. and Summerfelt, A. and Lann, H. and Muller, R. J.},
	year = {1989},
	date = {1989},
	journal = {Psychopharmacology Bulletin},
	pages = {159--163},
	volume = {25},
	number = {2},
	note = {PMID: 2602512},
	langid = {eng}
}
