
@article{elvevåg2000,
	title = {Cognitive impairment in schizophrenia is the core of the disorder},
	author = {{Elvevåg}, B. and Goldberg, T. E.},
	year = {2000},
	date = {2000},
	journal = {Critical Reviews in Neurobiology},
	pages = {1--21},
	volume = {14},
	number = {1},
	note = {PMID: 11253953},
	langid = {eng}
}

@article{Bora2010,
	title = {Cognitive Impairment in Schizophrenia and Affective Psychoses: Implications for DSM-V Criteria and Beyond},
	author = {Bora, E. and Yucel, M. and Pantelis, C.},
	year = {2009},
	month = {09},
	date = {2009-09-23},
	journal = {Schizophrenia Bulletin},
	pages = {36--42},
	volume = {36},
	number = {1},
	doi = {10.1093/schbul/sbp094},
	url = {http://dx.doi.org/10.1093/schbul/sbp094},
	langid = {en}
}

@article{keefe2007,
	title = {How Should DSM-V Criteria for Schizophrenia Include Cognitive Impairment?},
	author = {Keefe, R. S. E. and Fenton, W. S.},
	year = {2007},
	month = {03},
	date = {2007-03-15},
	journal = {Schizophrenia Bulletin},
	pages = {912--920},
	volume = {33},
	number = {4},
	doi = {10.1093/schbul/sbm046},
	url = {http://dx.doi.org/10.1093/schbul/sbm046},
	langid = {en}
}

@article{mccleery2019,
	title = {Cognitive impairment in psychotic illness: prevalence, profile of impairment, developmental course, and treatment considerations},
	author = {McCleery, Amanda and Nuechterlein, Keith H.},
	year = {2019},
	month = {09},
	date = {2019-09-30},
	journal = {Dialogues in Clinical Neuroscience},
	pages = {239--248},
	volume = {21},
	number = {3},
	doi = {10.31887/dcns.2019.21.3/amccleery},
	url = {http://dx.doi.org/10.31887/DCNS.2019.21.3/amccleery},
	langid = {en}
}

@article{reichenberg2008,
	title = {Neuropsychological Function and Dysfunction in Schizophrenia and Psychotic Affective Disorders},
	author = {Reichenberg, A. and Harvey, P. D. and Bowie, C. R. and Mojtabai, R. and Rabinowitz, J. and Heaton, R. K. and Bromet, E.},
	year = {2008},
	month = {05},
	date = {2008-05-20},
	journal = {Schizophrenia Bulletin},
	pages = {1022--1029},
	volume = {35},
	number = {5},
	doi = {10.1093/schbul/sbn044},
	url = {http://dx.doi.org/10.1093/schbul/sbn044},
	langid = {en}
}

@article{fusar-poli2012,
	title = {Cognitive Functioning in Prodromal Psychosis},
	author = {Fusar-Poli, Paolo and Deste, Giacomo and Smieskova, Renata and Barlati, Stefano and Yung, Alison R. and Howes, Oliver and Stieglitz, Rolf-Dieter and Vita, Antonio and McGuire, Philip and Borgwardt, Stefan},
	year = {2012},
	month = {06},
	date = {2012-06-01},
	journal = {Archives of General Psychiatry},
	volume = {69},
	number = {6},
	doi = {10.1001/archgenpsychiatry.2011.1592},
	url = {http://dx.doi.org/10.1001/archgenpsychiatry.2011.1592},
	langid = {en}
}

@article{schaefer2013,
	title = {The global cognitive impairment in schizophrenia: Consistent over decades and around the world},
	author = {Schaefer, Jonathan and Giangrande, Evan and Weinberger, Daniel R. and Dickinson, Dwight},
	year = {2013},
	month = {10},
	date = {2013-10},
	journal = {Schizophrenia Research},
	pages = {42--50},
	volume = {150},
	number = {1},
	doi = {10.1016/j.schres.2013.07.009},
	url = {http://dx.doi.org/10.1016/j.schres.2013.07.009},
	langid = {en}
}

@inbook{keefe2012,
	title = {Cognitive Impairment in Schizophrenia},
	author = {Keefe, Richard S. E. and Harvey, Philip D.},
	year = {2012},
	date = {2012},
	publisher = {Springer Berlin Heidelberg},
	pages = {11--37},
	doi = {10.1007/978-3-642-25758-2_2},
	url = {http://dx.doi.org/10.1007/978-3-642-25758-2_2}
}

@article{tripathi2018,
	title = {Cognitive Deficits in Schizophrenia: Understanding the Biological Correlates and Remediation Strategies},
	author = {Tripathi, Adarsh and Kar, Sujita Kumar and Shukla, Rashmi},
	year = {2018},
	month = {02},
	date = {2018-02-28},
	journal = {Clinical Psychopharmacology and Neuroscience},
	pages = {7--17},
	volume = {16},
	number = {1},
	doi = {10.9758/cpn.2018.16.1.7},
	url = {http://dx.doi.org/10.9758/cpn.2018.16.1.7},
	langid = {en}
}

@article{veselinovic2019,
	title = {Disparate effects of first and second generation antipsychotics on cognition in schizophrenia {\textendash} Findings from the randomized NeSSy trial},
	author = {{Veselinovi{\'{c}}}, Tanja and Scharpenberg, Martin and Heinze, Martin and Cordes, Joachim and {Mühlbauer}, Bernd and Juckel, Georg and Habel, Ute and {Rüther}, Eckart and Timm, {Jürgen} and {Gründer}, Gerhard and Bleich, Stefan and Borgmann, Markus and Breunig-Lyriti, Vasiliki and Schulz, Constanze and {Brüne}, Martin and Falkai, Peter and Feyerabend, Sandra and Figge, Christian and Frieling, Helge and Gaebel, Wolfgang and Gallinat, {Jürgen} and Handschuh, Dmitri and Heller, {Jörg} and Kirchhefer, Rainer and Kirner, {André} and Kowalenko, Barbara and Lautenschlager, Marion and Wolff-Menzler, Claus and Naber, Dieter and Prumbs, Katharina and Wobrock, Thomas},
	year = {2019},
	month = {06},
	date = {2019-06},
	journal = {European Neuropsychopharmacology},
	pages = {720--739},
	volume = {29},
	number = {6},
	doi = {10.1016/j.euroneuro.2019.03.014},
	url = {http://dx.doi.org/10.1016/j.euroneuro.2019.03.014},
	langid = {en}
}

@article{dickinson2008,
	title = {General and Specific Cognitive Deficits in Schizophrenia: Goliath Defeats David?},
	author = {Dickinson, Dwight and Ragland, J. Daniel and Gold, James M. and Gur, Ruben C.},
	year = {2008},
	month = {11},
	date = {2008-11},
	journal = {Biological Psychiatry},
	pages = {823--827},
	volume = {64},
	number = {9},
	doi = {10.1016/j.biopsych.2008.04.005},
	url = {http://dx.doi.org/10.1016/j.biopsych.2008.04.005},
	langid = {en}
}

@article{reichenberg2007,
	title = {Neuropsychological impairments in schizophrenia: Integration of performance-based and brain imaging findings.},
	author = {Reichenberg, Abraham and Harvey, Philip D.},
	year = {2007},
	date = {2007},
	journal = {Psychological Bulletin},
	pages = {833--858},
	volume = {133},
	number = {5},
	doi = {10.1037/0033-2909.133.5.833},
	url = {http://dx.doi.org/10.1037/0033-2909.133.5.833},
	langid = {en}
}

@article{fuller2006,
	title = {Impaired control of visual attention in schizophrenia.},
	author = {Fuller, Rebecca L. and Luck, Steven J. and Braun, Elsie L. and Robinson, Benjamin M. and McMahon, Robert P. and Gold, James M.},
	year = {2006},
	month = {05},
	date = {2006-05},
	journal = {Journal of Abnormal Psychology},
	pages = {266--275},
	volume = {115},
	number = {2},
	doi = {10.1037/0021-843x.115.2.266},
	url = {http://dx.doi.org/10.1037/0021-843X.115.2.266},
	langid = {en}
}

@article{Orellana2013,
	title = {Executive Functioning in Schizophrenia},
	author = {Orellana, Gricel and Slachevsky, Andrea},
	year = {2013},
	date = {2013},
	journal = {Frontiers in Psychiatry},
	volume = {4},
	doi = {10.3389/fpsyt.2013.00035},
	url = {http://dx.doi.org/10.3389/fpsyt.2013.00035}
}

@article{mathalon2004,
	title = {Selective Attention in Schizophrenia: Sparing and Loss of Executive Control},
	author = {Mathalon, Daniel H. and Heinks, Theda and Ford, Judith M.},
	year = {2004},
	month = {05},
	date = {2004-05},
	journal = {American Journal of Psychiatry},
	pages = {872--881},
	volume = {161},
	number = {5},
	doi = {10.1176/appi.ajp.161.5.872},
	url = {http://dx.doi.org/10.1176/appi.ajp.161.5.872},
	langid = {en}
}

@article{nuechterlein1984,
	title = {Information Processing and Attentional Functioning in the Developmental Course of Schizophrenic Disorders},
	author = {Nuechterlein, K. H. and Dawson, M. E.},
	year = {1984},
	month = {01},
	date = {1984-01-01},
	journal = {Schizophrenia Bulletin},
	pages = {160--203},
	volume = {10},
	number = {2},
	doi = {10.1093/schbul/10.2.160},
	url = {http://dx.doi.org/10.1093/schbul/10.2.160},
	langid = {en}
}

@article{Hahn2012,
	title = {Kraepelin and Bleuler had it right: People with schizophrenia have deficits sustaining attention over time.},
	author = {Hahn, Britta and Robinson, Benjamin M. and Kaiser, Samuel T. and Matveeva, Tatyana M. and Harvey, Alexander N. and Luck, Steven J. and Gold, James M.},
	year = {2012},
	month = {08},
	date = {2012-08},
	journal = {Journal of Abnormal Psychology},
	pages = {641--648},
	volume = {121},
	number = {3},
	doi = {10.1037/a0028492},
	url = {http://dx.doi.org/10.1037/a0028492},
	langid = {en}
}

@article{grillon1990,
	title = {Increased Distractibility in Schizophrenic Patients},
	author = {Grillon, Christian},
	year = {1990},
	month = {02},
	date = {1990-02-01},
	journal = {Archives of General Psychiatry},
	pages = {171},
	volume = {47},
	number = {2},
	doi = {10.1001/archpsyc.1990.01810140071010},
	url = {http://dx.doi.org/10.1001/archpsyc.1990.01810140071010},
	langid = {en}
}

@article{dickinson2007,
	title = {Overlooking the Obvious},
	author = {Dickinson, Dwight and Ramsey, Mary E. and Gold, James M.},
	year = {2007},
	month = {05},
	date = {2007-05-01},
	journal = {Archives of General Psychiatry},
	pages = {532},
	volume = {64},
	number = {5},
	doi = {10.1001/archpsyc.64.5.532},
	url = {http://dx.doi.org/10.1001/archpsyc.64.5.532},
	langid = {en}
}

@article{Wölwer2002,
	title = {Impaired Trail-Making Test-B performance in patients with acute schizophrenia is related to inefficient sequencing of planning and acting},
	author = {{Wölwer}, Wolfgang and Gaebel, Wolfgang},
	year = {2002},
	month = {11},
	date = {2002-11},
	journal = {Journal of Psychiatric Research},
	pages = {407--416},
	volume = {36},
	number = {6},
	doi = {10.1016/s0022-3956(02)00050-x},
	url = {http://dx.doi.org/10.1016/s0022-3956(02)00050-x},
	langid = {en}
}

@article{franke1992,
	title = {Wisconsin Card Sorting Test: an indicator of vulnerability to schizophrenia?},
	author = {Franke, Petra and Maier, Wolfgang and Hain, Christoph and Klingler, Thomas},
	year = {1992},
	month = {03},
	date = {1992-03},
	journal = {Schizophrenia Research},
	pages = {243--249},
	volume = {6},
	number = {3},
	doi = {10.1016/0920-9964(92)90007-r},
	url = {http://dx.doi.org/10.1016/0920-9964(92)90007-R},
	langid = {en}
}

@article{vanbeilen2004,
	title = {What is measured by verbal fluency tests in schizophrenia?},
	author = {van Beilen, Marije and Pijnenborg, Marieke and van Zomeren, Ed H and van den Bosch, Robert J and Withaar, Frederiec K and Bouma, Anke},
	year = {2004},
	month = {08},
	date = {2004-08},
	journal = {Schizophrenia Research},
	pages = {267--276},
	volume = {69},
	number = {2-3},
	doi = {10.1016/j.schres.2003.09.007},
	url = {http://dx.doi.org/10.1016/j.schres.2003.09.007},
	langid = {en}
}

@article{nemoto2005,
	title = {Qualitative Evaluation of Divergent Thinking in Patients with Schizophrenia},
	author = {Nemoto, Takahiro and Mizuno, Masafumi and Kashima, Haruo},
	year = {2005},
	date = {2005},
	journal = {Behavioural Neurology},
	pages = {217--224},
	volume = {16},
	number = {4},
	doi = {10.1155/2005/386932},
	url = {http://dx.doi.org/10.1155/2005/386932},
	langid = {en}
}

@article{waltz2017,
	title = {The neural underpinnings of cognitive flexibility and their disruption in psychotic illness},
	author = {Waltz, James A.},
	year = {2017},
	month = {03},
	date = {2017-03},
	journal = {Neuroscience},
	pages = {203--217},
	volume = {345},
	doi = {10.1016/j.neuroscience.2016.06.005},
	url = {http://dx.doi.org/10.1016/j.neuroscience.2016.06.005},
	langid = {en}
}

@article{kaufman2014,
	title = {Creativity and schizophrenia spectrum disorders across the arts and sciences},
	author = {Kaufman, Scott Barry and Paul, Elliot S.},
	year = {2014},
	month = {11},
	date = {2014-11-03},
	journal = {Frontiers in Psychology},
	volume = {5},
	doi = {10.3389/fpsyg.2014.01145},
	url = {http://dx.doi.org/10.3389/fpsyg.2014.01145}
}

@article{nemoto2007,
	title = {Contribution of divergent thinking to community functioning in schizophrenia},
	author = {Nemoto, Takahiro and Kashima, Haruo and Mizuno, Masafumi},
	year = {2007},
	month = {03},
	date = {2007-03},
	journal = {Progress in Neuro-Psychopharmacology and Biological Psychiatry},
	pages = {517--524},
	volume = {31},
	number = {2},
	doi = {10.1016/j.pnpbp.2006.12.001},
	url = {http://dx.doi.org/10.1016/j.pnpbp.2006.12.001},
	langid = {en}
}

@article{naber1995,
	title = {A self-rating to measure subjective effects of neuroleptic drugs, relationships to objective psychopathology, quality of life, compliance and other clinical variables},
	author = {Naber, D.},
	year = {1995},
	month = {09},
	date = {1995-09},
	journal = {International Clinical Psychopharmacology},
	pages = {133--138},
	volume = {10 Suppl 3},
	note = {PMID: 8866775},
	langid = {eng}
}

@article{johnson2011,
	title = {Self-perceived cognitive functioning does not correlate with objective measures of cognition in schizophrenia},
	author = {Johnson, Ines and Tabbane, Karim and Dellagi, Lamia and Kebir, Oussama},
	year = {2011},
	month = {11},
	date = {2011-11},
	journal = {Comprehensive Psychiatry},
	pages = {688--692},
	volume = {52},
	number = {6},
	doi = {10.1016/j.comppsych.2010.12.008},
	url = {http://dx.doi.org/10.1016/j.comppsych.2010.12.008},
	langid = {en}
}

@article{chan2008,
	title = {Objective measures of prospective memory do not correlate with subjective complaints in schizophrenia},
	author = {Chan, Raymond C.K. and Wang, Ya and Ma, Zheng and Hong, Xiao-hong and Yuan, Yanbo and Yu, Xin and Li, Zhanjiang and Shum, David and Gong, Qi-yong},
	year = {2008},
	month = {08},
	date = {2008-08},
	journal = {Schizophrenia Research},
	pages = {229--239},
	volume = {103},
	number = {1-3},
	doi = {10.1016/j.schres.2008.02.019},
	url = {http://dx.doi.org/10.1016/j.schres.2008.02.019},
	langid = {en}
}

@article{moritz2001,
	title = {Subjective cognitive dysfunction in first-episode and chronic schizophrenic patients},
	author = {Moritz, Steffen and Lambert, Martin and Andresen, Burghard and {Böthern}, Aenne and Naber, Dieter and Krausz, Michael},
	year = {2001},
	month = {05},
	date = {2001-05},
	journal = {Comprehensive Psychiatry},
	pages = {213--216},
	volume = {42},
	number = {3},
	doi = {10.1053/comp.2001.23144},
	url = {http://dx.doi.org/10.1053/comp.2001.23144},
	langid = {en}
}

@article{baliga2020,
	title = {Subjective cognitive complaints and its relation to objective cognitive performance, clinical profile, clinical insight, and social functioning in patients of schizophrenia: A cross-sectional study},
	author = {Baliga, SachinPradeep and Kamath, RavindraM and Kedare, JahnaviS},
	year = {2020},
	date = {2020},
	journal = {Indian Journal of Psychiatry},
	pages = {178},
	volume = {62},
	number = {2},
	doi = {10.4103/psychiatry.indianjpsychiatry_639_19},
	url = {http://dx.doi.org/10.4103/psychiatry.IndianJPsychiatry_639_19},
	langid = {en}
}

@article{spohn1989,
	title = {Relation of neuroleptic and anticholinergic medication to cognitive functions in schizophrenia.},
	author = {Spohn, Herbert E. and Strauss, Milton E.},
	year = {1989},
	month = {11},
	date = {1989-11},
	journal = {Journal of Abnormal Psychology},
	pages = {367--380},
	volume = {98},
	number = {4},
	doi = {10.1037/0021-843x.98.4.367},
	url = {http://dx.doi.org/10.1037/0021-843X.98.4.367},
	langid = {en}
}

@article{spohn1985,
	title = {Relation of Neuroleptic Dose and Tardive Dyskinesia to Attention, Information-Processing, and Psychophysiology in Medicated Schizophrenics},
	author = {Spohn, Herbert E.},
	year = {1985},
	month = {09},
	date = {1985-09-01},
	journal = {Archives of General Psychiatry},
	pages = {849},
	volume = {42},
	number = {9},
	doi = {10.1001/archpsyc.1985.01790320017003},
	url = {http://dx.doi.org/10.1001/archpsyc.1985.01790320017003},
	langid = {en}
}

@article{liemburg2012,
	title = {Antipsychotic medication and prefrontal cortex activation: A review of neuroimaging findings},
	author = {Liemburg, Edith J. and Knegtering, Henderikus and Klein, Hans C. and Kortekaas, Rudie and Aleman, {André}},
	year = {2012},
	month = {06},
	date = {2012-06},
	journal = {European Neuropsychopharmacology},
	pages = {387--400},
	volume = {22},
	number = {6},
	doi = {10.1016/j.euroneuro.2011.12.008},
	url = {http://dx.doi.org/10.1016/j.euroneuro.2011.12.008},
	langid = {en}
}

@article{sakurai2012,
	title = {Dopamine D2 Receptor Occupancy and Cognition in Schizophrenia: Analysis of the CATIE Data},
	author = {Sakurai, Hitoshi and Bies, Robert R. and Stroup, Scott T. and Keefe, Richard S. E. and Rajji, Tarek K. and Suzuki, Takefumi and Mamo, David C. and Pollock, Bruce G. and Watanabe, Koichiro and Mimura, Masaru and Uchida, Hiroyuki},
	year = {2012},
	month = {01},
	date = {2012-01-30},
	journal = {Schizophrenia Bulletin},
	pages = {564--574},
	volume = {39},
	number = {3},
	doi = {10.1093/schbul/sbr189},
	url = {http://dx.doi.org/10.1093/schbul/sbr189},
	langid = {en}
}

@article{élie2009,
	title = {Cognitive effects of antipsychotic dosage and polypharmacy: a study with the BACS in patients with schizophrenia and schizoaffective disorder},
	author = {{Élie}, D. and Poirier, M. and Chianetta, JM and Durand, M. and {Grégoire}, CA and Grignon, S.},
	year = {2009},
	month = {01},
	date = {2009-01-22},
	journal = {Journal of Psychopharmacology},
	pages = {1037--1044},
	volume = {24},
	number = {7},
	doi = {10.1177/0269881108100777},
	url = {http://dx.doi.org/10.1177/0269881108100777},
	langid = {en}
}

@article{hori2006,
	title = {Antipsychotic medication and cognitive function in schizophrenia},
	author = {Hori, Hiroaki and Noguchi, Hiroko and Hashimoto, Ryota and Nakabayashi, Tetsuo and Omori, Mayu and Takahashi, Sho and Tsukue, Ryotaro and Anami, Kimitaka and Hirabayashi, Naotsugu and Harada, Seiichi and Saitoh, Osamu and Iwase, Masao and Kajimoto, Osami and Takeda, Masatoshi and Okabe, Shigeo and Kunugi, Hiroshi},
	year = {2006},
	month = {09},
	date = {2006-09},
	journal = {Schizophrenia Research},
	pages = {138--146},
	volume = {86},
	number = {1-3},
	doi = {10.1016/j.schres.2006.05.004},
	url = {http://dx.doi.org/10.1016/j.schres.2006.05.004},
	langid = {en}
}

@article{torniainen2012,
	title = {Cognitive Impairments in Schizophrenia and Schizoaffective Disorder},
	author = {Torniainen, Minna and Suvisaari, Jaana and Partonen, Timo and Castaneda, Anu E. and Kuha, Annamaria and Suokas, Jaana and {Perälä}, Jonna and Saarni, Samuli I. and {Lönnqvist}, Jouko and Tuulio-Henriksson, Annamari},
	year = {2012},
	month = {04},
	date = {2012-04},
	journal = {Journal of Nervous & Mental Disease},
	pages = {316--322},
	volume = {200},
	number = {4},
	doi = {10.1097/nmd.0b013e31824cb359},
	url = {http://dx.doi.org/10.1097/NMD.0b013e31824cb359},
	langid = {en}
}

@article{differen1996,
	title = {Different side effect profiles of risperidone and clozapine in 20 outpatients with schizophrenia or schizoaffective disorder: a pilot study},
	year = {1996},
	month = {03},
	date = {1996-03},
	journal = {American Journal of Psychiatry},
	pages = {417--419},
	volume = {153},
	number = {3},
	doi = {10.1176/ajp.153.3.417},
	url = {http://dx.doi.org/10.1176/ajp.153.3.417},
	langid = {en}
}

@article{moritz2002,
	title = {Subjective Cognitive Dysfunction in First-Episode Patients Predicts Symptomatic Outcome: A Replication},
	author = {Moritz, Steffen and Perro, Christian and Woodward, Todd S. and Krausz, Michael},
	year = {2002},
	date = {2002},
	journal = {Psychopathology},
	pages = {367--368},
	volume = {35},
	number = {6},
	doi = {10.1159/000068592},
	url = {http://dx.doi.org/10.1159/000068592},
	langid = {en}
}

@article{pollack1970,
	title = {A Comparison of Twin and Sibling Studies for a Developmental Theory of Schizophrenia},
	author = {Pollack, Max and Woerner, Margaret G. and Klein, Donald F.},
	year = {1970},
	month = {04},
	date = {1970-04},
	journal = {Acta geneticae medicae et gemellologiae},
	pages = {303--304},
	volume = {19},
	number = {1-2},
	doi = {10.1017/s1120962300025750},
	url = {http://dx.doi.org/10.1017/s1120962300025750},
	langid = {en}
}

@article{Michel2013,
	title = {WAIS-IV Profile of Cognition in Schizophrenia},
	author = {Michel, Natalie M. and Goldberg, Joel O. and Heinrichs, R. Walter and Miles, Ashley A. and Ammari, Narmeen and McDermid Vaz, Stephanie},
	year = {2013},
	month = {02},
	date = {2013-02-26},
	journal = {Assessment},
	pages = {462--473},
	volume = {20},
	number = {4},
	doi = {10.1177/1073191113478153},
	url = {http://dx.doi.org/10.1177/1073191113478153},
	langid = {en}
}

@article{joyce2013,
	title = {Cognitive function in schizophrenia: insights from intelligence research},
	author = {Joyce, Eileen M.},
	year = {2013},
	month = {09},
	date = {2013-09},
	journal = {British Journal of Psychiatry},
	pages = {161--162},
	volume = {203},
	number = {3},
	doi = {10.1192/bjp.bp.112.109553},
	url = {http://dx.doi.org/10.1192/bjp.bp.112.109553},
	langid = {en}
}

@article{allen1998,
	title = {Confirmatory factor analysis of the WAIS-R in patients with schizophrenia},
	author = {Allen, D.N and Huegel, S.G and Seaton, B.E and Goldstein, G and Gurklis, J.A and van Kammen, D.P},
	year = {1998},
	month = {11},
	date = {1998-11},
	journal = {Schizophrenia Research},
	pages = {87--94},
	volume = {34},
	number = {1-2},
	doi = {10.1016/s0920-9964(98)00090-5},
	url = {http://dx.doi.org/10.1016/s0920-9964(98)00090-5},
	langid = {en}
}

@article{gold1992,
	title = {The performance of patients with schizophrenia on the wechsler memory scale-revised},
	author = {Gold, James M. and Randolph, Christopher and Carpenter, Constance J. and Goldberg, Terry E. and Weinberger, Daniel R.},
	year = {1992},
	month = {11},
	date = {1992-11},
	journal = {Clinical Neuropsychologist},
	pages = {367--373},
	volume = {6},
	number = {4},
	doi = {10.1080/13854049208401864},
	url = {http://dx.doi.org/10.1080/13854049208401864},
	langid = {en}
}

@inbook{holdnack2010,
	title = {Using WAIS-IV with WMS-IV},
	author = {Holdnack, James A. and Drozdick, Lisa W.},
	year = {2010},
	date = {2010},
	publisher = {Elsevier},
	pages = {237--283},
	doi = {10.1016/b978-0-12-375035-8.10009-6},
	url = {http://dx.doi.org/10.1016/B978-0-12-375035-8.10009-6}
}

@article{kern2004,
	title = {NIMH-MATRICS survey on assessment of neurocognition in schizophrenia},
	author = {Kern, Robert S. and Green, Michael F. and Nuechterlein, Keith H. and Deng, Bi-Hong},
	year = {2004},
	month = {12},
	date = {2004-12},
	journal = {Schizophrenia Research},
	pages = {11--19},
	volume = {72},
	number = {1},
	doi = {10.1016/j.schres.2004.09.004},
	url = {http://dx.doi.org/10.1016/j.schres.2004.09.004},
	langid = {en}
}

@article{nuechterlein2008,
	title = {The MATRICS Consensus Cognitive Battery, Part 1: Test Selection, Reliability, and Validity},
	author = {Nuechterlein, Keith H. and Green, Michael F. and Kern, Robert S. and Baade, Lyle E. and Barch, Deanna M. and Cohen, Jonathan D. and Essock, Susan and Fenton, Wayne S. and Frese, Frederick J. and Gold, James M. and Goldberg, Terry and Heaton, Robert K. and Keefe, Richard S.E. and Kraemer, Helena and Mesholam-Gately, Raquelle and Seidman, Larry J. and Stover, Ellen and Weinberger, Daniel R. and Young, Alexander S. and Zalcman, Steven and Marder, Stephen R.},
	year = {2008},
	month = {02},
	date = {2008-02},
	journal = {American Journal of Psychiatry},
	pages = {203--213},
	volume = {165},
	number = {2},
	doi = {10.1176/appi.ajp.2007.07010042},
	url = {http://dx.doi.org/10.1176/appi.ajp.2007.07010042},
	langid = {en}
}

@article{kern2008,
	title = {The MATRICS Consensus Cognitive Battery, Part 2: Co-Norming and Standardization},
	author = {Kern, Robert S. and Nuechterlein, Keith H. and Green, Michael F. and Baade, Lyle E. and Fenton, Wayne S. and Gold, James M. and Keefe, Richard S.E. and Mesholam-Gately, Raquelle and Mintz, Jim and Seidman, Larry J. and Stover, Ellen and Marder, Stephen R.},
	year = {2008},
	month = {02},
	date = {2008-02},
	journal = {American Journal of Psychiatry},
	pages = {214--220},
	volume = {165},
	number = {2},
	doi = {10.1176/appi.ajp.2007.07010043},
	url = {http://dx.doi.org/10.1176/appi.ajp.2007.07010043},
	langid = {en}
}

@article{buchanan2010,
	title = {The FDA-NIMH-MATRICS Guidelines for Clinical Trial Design of Cognitive-Enhancing Drugs: What Do We Know 5 Years Later?},
	author = {Buchanan, R. W. and Keefe, R. S. E. and Umbricht, D. and Green, M. F. and Laughren, T. and Marder, S. R.},
	year = {2010},
	month = {04},
	date = {2010-04-21},
	journal = {Schizophrenia Bulletin},
	pages = {1209--1217},
	volume = {37},
	number = {6},
	doi = {10.1093/schbul/sbq038},
	url = {http://dx.doi.org/10.1093/schbul/sbq038},
	langid = {en}
}

@article{keefe2004,
	title = {The Brief Assessment of Cognition in Schizophrenia: reliability, sensitivity, and comparison with a standard neurocognitive battery},
	author = {Keefe, R},
	year = {2004},
	month = {06},
	date = {2004-06-01},
	journal = {Schizophrenia Research},
	pages = {283--297},
	volume = {68},
	number = {2-3},
	doi = {10.1016/j.schres.2003.09.011},
	url = {http://dx.doi.org/10.1016/j.schres.2003.09.011},
	langid = {en}
}

@article{maruff2009,
	title = {Validity of the CogState Brief Battery: Relationship to Standardized Tests and Sensitivity to Cognitive Impairment in Mild Traumatic Brain Injury, Schizophrenia, and AIDS Dementia Complex},
	author = {Maruff, P. and Thomas, E. and Cysique, L. and Brew, B. and Collie, A. and Snyder, P. and Pietrzak, R. H.},
	year = {2009},
	month = {03},
	date = {2009-03-01},
	journal = {Archives of Clinical Neuropsychology},
	pages = {165--178},
	volume = {24},
	number = {2},
	doi = {10.1093/arclin/acp010},
	url = {http://dx.doi.org/10.1093/arclin/acp010},
	langid = {en}
}

@article{pietrzak2009,
	title = {A comparison of the CogState Schizophrenia Battery and the Measurement and Treatment Research to Improve Cognition in Schizophrenia (MATRICS) Battery in assessing cognitive impairment in chronic schizophrenia},
	author = {Pietrzak, Robert H. and Olver, James and Norman, Trevor and Piskulic, Danijela and Maruff, Paul and Snyder, Peter J.},
	year = {2009},
	month = {09},
	date = {2009-09-10},
	journal = {Journal of Clinical and Experimental Neuropsychology},
	pages = {848--859},
	volume = {31},
	number = {7},
	doi = {10.1080/13803390802592458},
	url = {http://dx.doi.org/10.1080/13803390802592458},
	langid = {en}
}

@article{robbins1994,
	title = {Cambridge Neuropsychological Test Automated Battery (CANTAB): A Factor Analytic Study of a Large Sample of Normal Elderly Volunteers},
	author = {Robbins, T.W. and James, M. and Owen, A.M. and Sahakian, B.J. and McInnes, L. and Rabbitt, P.},
	year = {1994},
	date = {1994},
	journal = {Dementia and Geriatric Cognitive Disorders},
	pages = {266--281},
	volume = {5},
	number = {5},
	doi = {10.1159/000106735},
	url = {http://dx.doi.org/10.1159/000106735},
	langid = {en}
}

@inbook{barnett2015,
	title = {The Paired Associates Learning (PAL) Test: 30 Years of CANTAB Translational Neuroscience from Laboratory to Bedside in Dementia Research},
	author = {Barnett, Jennifer H. and Blackwell, Andrew D. and Sahakian, Barbara J. and Robbins, Trevor W.},
	year = {2015},
	date = {2015},
	publisher = {Springer International Publishing},
	pages = {449--474},
	doi = {10.1007/7854_2015_5001},
	url = {http://dx.doi.org/10.1007/7854_2015_5001}
}

@article{mantovani2015,
	title = {Functional capacity: a new framework for the assessment of everyday functioning in schizophrenia},
	author = {Mantovani, Lucas M. and Teixeira, {Antônio L.} and Salgado, {João V.}},
	year = {2015},
	month = {09},
	date = {2015-09},
	journal = {Brazilian Journal of Psychiatry},
	pages = {249--255},
	volume = {37},
	number = {3},
	doi = {10.1590/1516-4446-2014-1551},
	url = {http://dx.doi.org/10.1590/1516-4446-2014-1551}
}

@article{keefe2006,
	title = {The Schizophrenia Cognition Rating Scale: An Interview-Based Assessment and Its Relationship to Cognition, Real-World Functioning, and Functional Capacity},
	author = {Keefe, Richard S.E. and Poe, Margaret and Walker, Trina M. and Kang, Joseph W. and Harvey, Philip D.},
	year = {2006},
	month = {03},
	date = {2006-03},
	journal = {American Journal of Psychiatry},
	pages = {426--432},
	volume = {163},
	number = {3},
	doi = {10.1176/appi.ajp.163.3.426},
	url = {http://dx.doi.org/10.1176/appi.ajp.163.3.426},
	langid = {en}
}

@article{ventura2008,
	title = {Clinical global impression of cognition in schizophrenia (CGI-CogS): Reliability and validity of a co-primary measure of cognition},
	author = {Ventura, Joseph and Cienfuegos, Angel and Boxer, Oren and Bilder, Robert},
	year = {2008},
	month = {11},
	date = {2008-11},
	journal = {Schizophrenia Research},
	pages = {59--69},
	volume = {106},
	number = {1},
	doi = {10.1016/j.schres.2007.07.025},
	url = {http://dx.doi.org/10.1016/j.schres.2007.07.025},
	langid = {en}
}

@article{ventura2010,
	title = {The Cognitive Assessment Interview (CAI): Development and validation of an empirically derived, brief interview-based measure of cognition},
	author = {Ventura, Joseph and Reise, Steven P. and Keefe, Richard S.E. and Baade, Lyle E. and Gold, James M. and Green, Michael F. and Kern, Robert S. and Mesholam-Gately, Raquelle and Nuechterlein, Keith H. and Seidman, Larry J. and Bilder, Robert M.},
	year = {2010},
	month = {08},
	date = {2010-08},
	journal = {Schizophrenia Research},
	pages = {24--31},
	volume = {121},
	number = {1-3},
	doi = {10.1016/j.schres.2010.04.016},
	url = {http://dx.doi.org/10.1016/j.schres.2010.04.016},
	langid = {en}
}

@article{U.S.2006,
	title = {Guidance for industry: patient-reported outcome measures: use in medical product development to support labeling claims: draft guidance},
	author = {,  and ,  and , },
	year = {2006},
	month = {10},
	date = {2006-10-11},
	journal = {Health and Quality of Life Outcomes},
	volume = {4},
	number = {1},
	doi = {10.1186/1477-7525-4-79},
	url = {http://dx.doi.org/10.1186/1477-7525-4-79},
	langid = {en}
}
