

@book{berrios1996,
	title = {The History of Mental Symptoms: Descriptive Psychopathology since the Nineteenth Century},
	author = {Berrios, German E.},
	year = {1996},
	date = {1996},
	publisher = {Cambridge University Press},
	doi = {10.1017/CBO9780511526725},
	url = {https://www.cambridge.org/core/books/history-of-mental-symptoms/0026638AA8C625E53691ECD088B292E4},
	note = {DOI: 10.1017/CBO9780511526725},
	address = {Cambridge}
}
@article{tandon2013,
	title = {Catatonia in DSM-5},
	author = {Tandon, Rajiv and Heckers, Stephan and Bustillo, Juan and Barch, Deanna M. and Gaebel, Wolfgang and Gur, Raquel E. and Malaspina, Dolores and Owen, Michael J. and Schultz, Susan and Tsuang, Ming and van Os, Jim and Carpenter, William},
	year = {2013},
	month = {10},
	date = {2013-10},
	journal = {Schizophrenia Research},
	pages = {26--30},
	volume = {150},
	number = {1},
	doi = {10.1016/j.schres.2013.04.034},
	url = {http://dx.doi.org/10.1016/j.schres.2013.04.034},
	langid = {en}
}

@article{solmi2017,
	title = {Prevalence of Catatonia and Its Moderators in Clinical Samples: Results from a Meta-analysis and Meta-regression Analysis},
	author = {Solmi, Marco and Pigato, G Giorgio and Roiter, Beatrice and Guaglianone, Argentina and Martini, Luca and Fornaro, Michele and Monaco, Francesco and Carvalho, {Andrè F} and Stubbs, Brendon and Veronese, Nicola and Correll, Christoph U},
	year = {2017},
	month = {11},
	date = {2017-11-13},
	journal = {Schizophrenia Bulletin},
	pages = {1133--1150},
	volume = {44},
	number = {5},
	doi = {10.1093/schbul/sbx157},
	url = {http://dx.doi.org/10.1093/schbul/sbx157},
	langid = {en}
}

@article{gazdag2017,
	title = {Catatonia as a putative nosological entity: A historical sketch},
	author = {Gazdag, {Gábor} and {Takács}, Rozalia and Ungvari, Gabor S},
	year = {2017},
	month = {09},
	date = {2017-09-22},
	journal = {World Journal of Psychiatry},
	pages = {177--183},
	volume = {7},
	number = {3},
	doi = {10.5498/wjp.v7.i3.177},
	url = {http://dx.doi.org/10.5498/wjp.v7.i3.177}
}

@article{peralta2001,
	title = {Classification issues in catatonia},
	author = {Peralta, Victor and Cuesta, Manuel J. and Serrano, Jose F. and Martinez-Larrea, Jesus A.},
	year = {2001},
	month = {05},
	date = {2001-05},
	journal = {European Archives of Psychiatry and Clinical Neuroscience},
	pages = {I14--I16},
	volume = {251},
	number = {S1},
	doi = {10.1007/pl00014194},
	url = {http://dx.doi.org/10.1007/PL00014194},
	langid = {en}
}

@article{pfuhlmann2001,
	title = {The different conceptions of catatonia: historical overview and critical discussion},
	author = {Pfuhlmann, Bruno and {Stöber}, Gerald},
	year = {2001},
	month = {05},
	date = {2001-05},
	journal = {European Archives of Psychiatry and Clinical Neuroscience},
	pages = {I4--I7},
	volume = {251},
	number = {S1},
	doi = {10.1007/pl00014199},
	url = {http://dx.doi.org/10.1007/PL00014199},
	langid = {en}
}

@article{fink2009,
	title = {Catatonia Is not Schizophrenia: Kraepelin's Error and the Need to Recognize Catatonia as an Independent Syndrome in Medical Nomenclature},
	author = {Fink, M. and Shorter, E. and Taylor, M. A.},
	year = {2009},
	month = {07},
	date = {2009-07-08},
	journal = {Schizophrenia Bulletin},
	pages = {314--320},
	volume = {36},
	number = {2},
	doi = {10.1093/schbul/sbp059},
	url = {http://dx.doi.org/10.1093/schbul/sbp059},
	langid = {en}
}

@article{carroll2001,
	title = {Kahlbaum's catatonia revisited},
	author = {Carroll, Brendan T.},
	year = {2001},
	month = {10},
	date = {2001-10},
	journal = {Psychiatry and Clinical Neurosciences},
	pages = {431--436},
	volume = {55},
	number = {5},
	doi = {10.1046/j.1440-1819.2001.00887.x},
	url = {http://dx.doi.org/10.1046/j.1440-1819.2001.00887.x},
	langid = {en}
}

@article{stauder1934,
	title = {Die tödliche Katatonie},
	author = {Stauder, K. H.},
	year = {1934},
	month = {12},
	date = {1934-12},
	journal = {Archiv für Psychiatrie und Nervenkrankheiten},
	pages = {614--634},
	volume = {102},
	number = {1},
	doi = {10.1007/bf01813829},
	url = {http://dx.doi.org/10.1007/BF01813829},
	langid = {de}
}

@article{Mann1986,
	title = {Lethal catatonia},
	year = {1986},
	month = {11},
	date = {1986-11},
	journal = {American Journal of Psychiatry},
	pages = {1374--1381},
	volume = {143},
	number = {11},
	doi = {10.1176/ajp.143.11.1374},
	url = {http://dx.doi.org/10.1176/ajp.143.11.1374},
	langid = {en}
}

@article{ungvari2009,
	title = {The Catatonia Conundrum: Evidence of Psychomotor Phenomena as a Symptom Dimension in Psychotic Disorders},
	author = {Ungvari, G. S. and Caroff, S. N. and Gerevich, J.},
	year = {2009},
	month = {09},
	date = {2009-09-23},
	journal = {Schizophrenia Bulletin},
	pages = {231--238},
	volume = {36},
	number = {2},
	doi = {10.1093/schbul/sbp105},
	url = {http://dx.doi.org/10.1093/schbul/sbp105},
	langid = {en}
}

@article{penland2006,
	title = {The catatonic dilemma expanded},
	author = {Penland, Heath R and Weder, Natalie and Tampi, Rajesh R},
	year = {2006},
	month = {09},
	date = {2006-09-07},
	journal = {Annals of General Psychiatry},
	volume = {5},
	number = {1},
	doi = {10.1186/1744-859x-5-14},
	url = {http://dx.doi.org/10.1186/1744-859X-5-14},
	langid = {en}
}

@article{stuivenga2014,
	title = {Prevalence of the Catatonic Syndrome in an Acute Inpatient Sample},
	author = {Stuivenga, Mirella and Morrens, Manuel},
	year = {2014},
	month = {12},
	date = {2014-12-03},
	journal = {Frontiers in Psychiatry},
	volume = {5},
	doi = {10.3389/fpsyt.2014.00174},
	url = {http://dx.doi.org/10.3389/fpsyt.2014.00174}
}

@article{kleinhaus2010,
	title = {Catatonic Schizophrenia: A Cohort Prospective Study},
	author = {Kleinhaus, K. and Harlap, S. and Perrin, M. C. and Manor, O. and Weiser, M. and Harkavy-Friedman, J. M. and Lichtenberg, P. and Malaspina, D.},
	year = {2010},
	month = {08},
	date = {2010-08-06},
	journal = {Schizophrenia Bulletin},
	pages = {331--337},
	volume = {38},
	number = {2},
	doi = {10.1093/schbul/sbq087},
	url = {http://dx.doi.org/10.1093/schbul/sbq087},
	langid = {en}
}

@article{appiani2018,
	title = {Catatonia is not schizophrenia and it is treatable},
	author = {Appiani, Francisco J. and Castro, Gonzalo S.},
	year = {2018},
	month = {10},
	date = {2018-10},
	journal = {Schizophrenia Research},
	pages = {112--116},
	volume = {200},
	doi = {10.1016/j.schres.2017.05.030},
	url = {http://dx.doi.org/10.1016/j.schres.2017.05.030},
	langid = {en}
}

@article{mimica2001,
	title = {Catatonic schizophrenia in Croatia},
	author = {Mimica, Ninoslav and {Folnegovi{\'{c}}-{\v{S}}malc}, Vera and {Folnegovi{\'{c}}}, Zdenko},
	year = {2001},
	month = {05},
	date = {2001-05},
	journal = {European Archives of Psychiatry and Clinical Neuroscience},
	pages = {I17--I20},
	volume = {251},
	number = {S1},
	doi = {10.1007/pl00014193},
	url = {http://dx.doi.org/10.1007/pl00014193},
	langid = {en}
}

@article{stompe2002,
	title = {Are we witnessing the disappearance of catatonic schizophrenia?},
	author = {Stompe, T. and Ortwein-Swoboda, G. and Ritter, K. and Schanda, H. and Friedmann, A.},
	year = {2002},
	month = {05},
	date = {2002-05},
	journal = {Comprehensive Psychiatry},
	pages = {167--174},
	volume = {43},
	number = {3},
	doi = {10.1053/comp.2002.32352},
	url = {http://dx.doi.org/10.1053/comp.2002.32352},
	langid = {en}
}

@article{ungvari2005,
	title = {Schizophrenia with prominent catatonic features ({\textquoteleft}catatonic schizophrenia{\textquoteright})},
	author = {Ungvari, Gabor S. and Leung, Siu Kau and Ng, Fung Shing and Cheung, Hung-Kin and Leung, Tony},
	year = {2005},
	month = {01},
	date = {2005-01},
	journal = {Progress in Neuro-Psychopharmacology and Biological Psychiatry},
	pages = {27--38},
	volume = {29},
	number = {1},
	doi = {10.1016/j.pnpbp.2004.08.007},
	url = {http://dx.doi.org/10.1016/j.pnpbp.2004.08.007},
	langid = {en}
}

@article{buoli2012,
	title = {Duration of untreated illness (DUI) and schizophrenia sub-types: A collaborative study between the universities of Milan and Moscow},
	author = {Buoli, Massimiliano and {Dell{\textquoteright}Osso}, Bernardo and Zaytseva, Yuliya and Gurovich, Isaac Ya and Movina, Larisa and Dorodnova, Anna and Shmuckler, Alexander and Altamura, A Carlo},
	year = {2012},
	month = {10},
	date = {2012-10-03},
	journal = {International Journal of Social Psychiatry},
	pages = {765--770},
	volume = {59},
	number = {8},
	doi = {10.1177/0020764012456807},
	url = {http://dx.doi.org/10.1177/0020764012456807},
	langid = {en}
}

@article{leegwater2002,
	title = {Association of WKL1/MLC1 with catatonic schizophrenia},
	author = {Leegwater, P A J and Boor, P K I and Pronk, J C and van der Knaap, M S},
	year = {2002},
	month = {12},
	date = {2002-12-01},
	journal = {Molecular Psychiatry},
	pages = {1037--1037},
	volume = {7},
	number = {10},
	doi = {10.1038/sj.mp.4001142},
	url = {http://dx.doi.org/10.1038/sj.mp.4001142},
	langid = {en}
}

@article{morrison1975,
	title = {Catatonia: Diagnosis and Management},
	author = {Morrison, James R.},
	year = {1975},
	month = {02},
	date = {1975-02},
	journal = {Psychiatric Services},
	pages = {91--94},
	volume = {26},
	number = {2},
	doi = {10.1176/ps.26.2.91},
	url = {http://dx.doi.org/10.1176/ps.26.2.91},
	langid = {en}
}

@article{taylor1977,
	title = {Catatonia},
	author = {Taylor, Michael Alan},
	year = {1977},
	month = {10},
	date = {1977-10-01},
	journal = {Archives of General Psychiatry},
	pages = {1223},
	volume = {34},
	number = {10},
	doi = {10.1001/archpsyc.1977.01770220105012},
	url = {http://dx.doi.org/10.1001/archpsyc.1977.01770220105012},
	langid = {en}
}

@article{gelenberg1976,
	title = {THE CATATONIC SYNDROME},
	author = {Gelenberg, AlanJ},
	year = {1976},
	month = {06},
	date = {1976-06},
	journal = {The Lancet},
	pages = {1339--1341},
	volume = {307},
	number = {7973},
	doi = {10.1016/s0140-6736(76)92669-6},
	url = {http://dx.doi.org/10.1016/s0140-6736(76)92669-6},
	langid = {en}
}

@article{bush1996,
	title = {Catatonia. II. Treatment with lorazepam and electroconvulsive therapy},
	author = {Bush, G. and Fink, M. and Petrides, G. and Dowling, F. and Francis, A.},
	year = {1996},
	month = {02},
	date = {1996-02},
	journal = {Acta Psychiatrica Scandinavica},
	pages = {137--143},
	volume = {93},
	number = {2},
	doi = {10.1111/j.1600-0447.1996.tb09815.x},
	url = {http://dx.doi.org/10.1111/j.1600-0447.1996.tb09815.x},
	langid = {en}
}

@article{lee2007,
	title = {Catatonic Variants, Hyperthermic Extrapyramidal Reactions, and Subtypes of Neuroleptic Malignant Syndrome},
	author = {Lee, Joseph W. Y.},
	year = {2007},
	month = {01},
	date = {2007-01},
	journal = {Annals of Clinical Psychiatry},
	pages = {9--16},
	volume = {19},
	number = {1},
	doi = {10.1080/10401230601163477},
	url = {http://dx.doi.org/10.1080/10401230601163477}
}

@article{white2000,
	title = {An Analysis of 17 Catatonic Patients Diagnosed With Neuroleptic Malignant Syndrome},
	author = {White, Denise A. C. and Robins, Ashley H.},
	year = {2000},
	month = {07},
	date = {2000-07},
	journal = {CNS Spectrums},
	pages = {58--65},
	volume = {5},
	number = {7},
	doi = {10.1017/s1092852900013419},
	url = {http://dx.doi.org/10.1017/s1092852900013419},
	langid = {en}
}

@book{fink2012,
	title = {Rediscovering Catatonia: The Biography of a Treatable Syndrome},
	author = {Fink, Max},
	year = {2012},
	date = {2012},
	publisher = {Wiley-Blackwell},
	note = {Google-Books-ID: W0yllwEACAAJ},
	langid = {en}
}

@article{fink1991,
	title = {Catatonia: A separate category in DSM-IV?},
	author = {Fink, Max and Taylor, Michael A.},
	year = {1991},
	date = {1991},
	journal = {Integrative Psychiatry},
	pages = {2--10},
	volume = {7},
	number = {1},
	note = {Place: US
Publisher: International Universities Press, Inc.}
}

@article{bush1996a,
	title = {Catatonia. I. Rating scale and standardized examination},
	author = {Bush, G. and Fink, M. and Petrides, G. and Dowling, F. and Francis, A.},
	year = {1996},
	month = {02},
	date = {1996-02},
	journal = {Acta Psychiatrica Scandinavica},
	pages = {129--136},
	volume = {93},
	number = {2},
	doi = {10.1111/j.1600-0447.1996.tb09814.x},
	url = {http://dx.doi.org/10.1111/j.1600-0447.1996.tb09814.x},
	langid = {en}
}

@article{lund1991,
	title = {Motor, Volitional and Behavioural Disorders in Schizophrenia},
	author = {Lund, C. E. and Mortimer, A. M. and Rogers, D. and McKenna, P. J.},
	year = {1991},
	month = {03},
	date = {1991-03},
	journal = {British Journal of Psychiatry},
	pages = {323--327},
	volume = {158},
	number = {3},
	doi = {10.1192/bjp.158.3.323},
	url = {http://dx.doi.org/10.1192/bjp.158.3.323},
	langid = {en}
}

@article{starkstein1996,
	title = {Catatonia in depression: prevalence, clinical correlates, and validation of a scale.},
	author = {Starkstein, S E and Petracca, G and Teson, A and Chemerinski, E and Merello, M and Migliorelli, R and Leiguarda, R},
	year = {1996},
	month = {03},
	date = {1996-03-01},
	journal = {Journal of Neurology, Neurosurgery & Psychiatry},
	pages = {326--332},
	volume = {60},
	number = {3},
	doi = {10.1136/jnnp.60.3.326},
	url = {http://dx.doi.org/10.1136/jnnp.60.3.326},
	langid = {en}
}

@article{Northoff1999,
	title = {Catatonia as a psychomotor syndrome: A rating scale and extrapyramidal motor symptoms},
	author = {Northoff, Georg and Koch, Andreas and Wenke, Jens and Eckert, Joachim and {B�ker}, Heinz and Pflug, Burkhard and Bogerts, Bernhard},
	year = {1999},
	month = {05},
	date = {1999-05},
	journal = {Movement Disorders},
	pages = {404--416},
	volume = {14},
	number = {3},
	doi = {10.1002/1531-8257(199905)14:3<404::aid-mds1004>3.0.co;2-5},
	url = {http://dx.doi.org/10.1002/1531-8257(199905)14:3<404::aid-mds1004>3.0.co;2-5},
	langid = {en}
}

@article{bräunig2000,
	title = {The catatonia rating scale I{\textemdash}Development, reliability, and use},
	author = {{Bräunig}, Peter and {Krüger}, Stephanie and Shugar, Gerald and {Höffler}, {Jürgen} and {Börner}, Ingrid},
	year = {2000},
	month = {03},
	date = {2000-03},
	journal = {Comprehensive Psychiatry},
	pages = {147--158},
	volume = {41},
	number = {2},
	doi = {10.1016/s0010-440x(00)90148-2},
	url = {http://dx.doi.org/10.1016/s0010-440x(00)90148-2},
	langid = {en}
}

@article{carroll2008,
	title = {Katatonia: a new conceptual understanding of catatonia and a new rating scale},
	author = {Carroll, Brendan T. and Kirkhart, Rob and Ahuja, Niraj and Soovere, Ilo and Lauterbach, Edward C. and Dhossche, Dirk and Talbert, Rebecca},
	year = {2008},
	month = {12},
	date = {2008-12},
	journal = {Psychiatry (Edgmont (Pa.: Township))},
	pages = {42--50},
	volume = {5},
	number = {12},
	note = {PMID: 19724775
PMCID: PMC2729619},
	langid = {eng}
}

@article{sienaert2011,
	title = {Measuring catatonia: A systematic review of rating scales},
	author = {Sienaert, Pascal and Rooseleer, Jonas and De Fruyt, {Jürgen}},
	year = {2011},
	month = {12},
	date = {2011-12},
	journal = {Journal of Affective Disorders},
	pages = {1--9},
	volume = {135},
	number = {1-3},
	doi = {10.1016/j.jad.2011.02.012},
	url = {http://dx.doi.org/10.1016/j.jad.2011.02.012},
	langid = {en}
}

@article{ungvari2018,
	title = {Schizophrenia with prominent catatonic features: A selective review},
	author = {Ungvari, Gabor S. and Gerevich, Jozsef and {Takács}, {Rozália} and Gazdag, {Gábor}},
	year = {2018},
	month = {10},
	date = {2018-10},
	journal = {Schizophrenia Research},
	pages = {77--84},
	volume = {200},
	doi = {10.1016/j.schres.2017.08.008},
	url = {http://dx.doi.org/10.1016/j.schres.2017.08.008},
	langid = {en}
}

@article{repchak2016,
	title = {Epileptic Catatonia: A Case Series and Systematic Review},
	author = {Repchak, Aizhan Tyndybekova and Quinn, Davin K.},
	year = {2016},
	month = {03},
	date = {2016-03},
	journal = {Psychosomatics},
	pages = {217--225},
	volume = {57},
	number = {2},
	doi = {10.1016/j.psym.2015.11.007},
	url = {http://dx.doi.org/10.1016/j.psym.2015.11.007},
	langid = {en}
}

@article{Lim1986,
	title = {Ictal catatonia as a manifestation of nonconvulsive status epilepticus.},
	author = {Lim, J and Yagnik, P and Schraeder, P and Wheeler, S},
	year = {1986},
	month = {07},
	date = {1986-07-01},
	journal = {Journal of Neurology, Neurosurgery & Psychiatry},
	pages = {833--836},
	volume = {49},
	number = {7},
	doi = {10.1136/jnnp.49.7.833},
	url = {http://dx.doi.org/10.1136/jnnp.49.7.833},
	langid = {en}
}

@article{Grover2014,
	title = {Do patients of delirium have catatonic features? An exploratory study},
	author = {Grover, Sandeep and Ghosh, Abhishek and Ghormode, Deepak},
	year = {2014},
	month = {04},
	date = {2014-04-13},
	journal = {Psychiatry and Clinical Neurosciences},
	pages = {644--651},
	volume = {68},
	number = {8},
	doi = {10.1111/pcn.12168},
	url = {http://dx.doi.org/10.1111/pcn.12168},
	langid = {en}
}

@article{Roy2016,
	title = {Catatonia Delirium: 3 Cases Treated With Memantine},
	author = {Roy, Kamalika and Warnick, Stephen J. and Balon, Richard},
	year = {2016},
	month = {11},
	date = {2016-11},
	journal = {Psychosomatics},
	pages = {645--650},
	volume = {57},
	number = {6},
	doi = {10.1016/j.psym.2016.08.001},
	url = {http://dx.doi.org/10.1016/j.psym.2016.08.001},
	langid = {en}
}

@article{Jacobowski2013,
	title = {Delirious Mania},
	author = {JACOBOWSKI, NATALIE L. and HECKERS, STEPHAN and BOBO, WILLIAM V.},
	year = {2013},
	month = {01},
	date = {2013-01},
	journal = {Journal of Psychiatric Practice},
	pages = {15--28},
	volume = {19},
	number = {1},
	doi = {10.1097/01.pra.0000426324.67322.06},
	url = {http://dx.doi.org/10.1097/01.pra.0000426324.67322.06},
	langid = {en}
}

@article{vaquerizo-serrano2021,
	title = {Catatonia in autism spectrum disorders: A systematic review and meta-analysis},
	author = {Vaquerizo-Serrano, J. and Salazar De Pablo, G. and Singh, J. and Santosh, P.},
	year = {2021},
	month = {12},
	date = {2021-12-15},
	journal = {European Psychiatry},
	volume = {65},
	number = {1},
	doi = {10.1192/j.eurpsy.2021.2259},
	url = {http://dx.doi.org/10.1192/j.eurpsy.2021.2259},
	langid = {en}
}

@article{mazzone2014,
	title = {Catatonia in Patients with Autism: Prevalence and Management},
	author = {Mazzone, Luigi and Postorino, Valentina and Valeri, Giovanni and Vicari, Stefano},
	year = {2014},
	month = {02},
	date = {2014-02-07},
	journal = {CNS Drugs},
	pages = {205--215},
	volume = {28},
	number = {3},
	doi = {10.1007/s40263-014-0143-9},
	url = {http://dx.doi.org/10.1007/s40263-014-0143-9},
	langid = {en}
}

@article{ghaziuddin2021,
	title = {Catatonia: A Common Cause of Late Regression in Autism},
	author = {Ghaziuddin, Mohammad},
	year = {2021},
	month = {10},
	date = {2021-10-28},
	journal = {Frontiers in Psychiatry},
	volume = {12},
	doi = {10.3389/fpsyt.2021.674009},
	url = {http://dx.doi.org/10.3389/fpsyt.2021.674009}
}

@article{cornic2009,
	title = {Association of adolescent catatonia with increased mortality and morbidity: Evidence from a prospective follow-up study},
	author = {Cornic, {Françoise} and Consoli, {Angèle} and Tanguy, Marie-Laure and Bonnot, Olivier and {Périsse}, Didier and Tordjman, Sylvie and Laurent, Claudine and Cohen, David},
	year = {2009},
	month = {09},
	date = {2009-09},
	journal = {Schizophrenia Research},
	pages = {233--240},
	volume = {113},
	number = {2-3},
	doi = {10.1016/j.schres.2009.04.021},
	url = {http://dx.doi.org/10.1016/j.schres.2009.04.021},
	langid = {en}
}

@article{benarous2018,
	title = {Catatonia in children and adolescents: New perspectives},
	author = {Benarous, Xavier and Raffin, Marie and Ferrafiat, Vladimir and Consoli, {Angèle} and Cohen, David},
	year = {2018},
	month = {10},
	date = {2018-10},
	journal = {Schizophrenia Research},
	pages = {56--67},
	volume = {200},
	doi = {10.1016/j.schres.2017.07.028},
	url = {http://dx.doi.org/10.1016/j.schres.2017.07.028},
	langid = {en}
}

@article{sallin2016,
	title = {Resignation Syndrome: Catatonia? Culture-Bound?},
	author = {Sallin, Karl and Lagercrantz, Hugo and Evers, Kathinka and {Engström}, Ingemar and Hjern, Anders and Petrovic, Predrag},
	year = {2016},
	month = {01},
	date = {2016-01-29},
	journal = {Frontiers in Behavioral Neuroscience},
	volume = {10},
	doi = {10.3389/fnbeh.2016.00007},
	url = {http://dx.doi.org/10.3389/fnbeh.2016.00007}
}

@article{kakooza-mwesige2015,
	title = {Catatonia in Ugandan children with nodding syndrome and effects of treatment with lorazepam: a pilot study},
	author = {Kakooza-Mwesige, Angelina and Dhossche, Dirk M. and Idro, Richard and Akena, Dickens and Nalugya, Joyce and Opar, Benard T.},
	year = {2015},
	month = {12},
	date = {2015-12},
	journal = {BMC Research Notes},
	volume = {8},
	number = {1},
	doi = {10.1186/s13104-015-1805-5},
	url = {http://dx.doi.org/10.1186/s13104-015-1805-5},
	langid = {en}
}

@article{nunn2013,
	title = {Pervasive refusal syndrome (PRS) 21 years on: a re-conceptualisation and a renaming},
	author = {Nunn, Kenneth P. and Lask, Bryan and Owen, Isabel},
	year = {2013},
	month = {06},
	date = {2013-06-23},
	journal = {European Child & Adolescent Psychiatry},
	pages = {163--172},
	volume = {23},
	number = {3},
	doi = {10.1007/s00787-013-0433-7},
	url = {http://dx.doi.org/10.1007/s00787-013-0433-7},
	langid = {en}
}

@article{marx2008,
	title = {Tonic immobility as an evolved predator defense: Implications for sexual assault survivors.},
	author = {Marx, Brian P. and Forsyth, John P. and Gallup, Gordon G. and {Fusé}, Tiffany and Lexington, Jennifer M.},
	year = {2008},
	month = {03},
	date = {2008-03},
	journal = {Clinical Psychology: Science and Practice},
	pages = {74--90},
	volume = {15},
	number = {1},
	doi = {10.1111/j.1468-2850.2008.00112.x},
	url = {http://dx.doi.org/10.1111/j.1468-2850.2008.00112.x},
	langid = {en}
}

@article{controll1992,
	title = {Controlled investigation of the amobarbital interview for catatonic mutism [published erratum appears in Am J Psychiatry 1992 May;149(5):720]},
	year = {1992},
	month = {02},
	date = {1992-02},
	journal = {American Journal of Psychiatry},
	pages = {202--206},
	volume = {149},
	number = {2},
	doi = {10.1176/ajp.149.2.202},
	url = {http://dx.doi.org/10.1176/ajp.149.2.202},
	langid = {en}
}

@article{fink2017,
	title = {Does persisting fear sustain catatonia?},
	author = {Fink, M. and Shorter, E.},
	year = {2017},
	month = {08},
	date = {2017-08-31},
	journal = {Acta Psychiatrica Scandinavica},
	pages = {441--444},
	volume = {136},
	number = {5},
	doi = {10.1111/acps.12796},
	url = {http://dx.doi.org/10.1111/acps.12796},
	langid = {en}
}

@article{moskowitz2004,
	title = {{"}Scared Stiff{"}: Catatonia as an Evolutionary-Based Fear Response.},
	author = {Moskowitz, Andrew K.},
	year = {2004},
	date = {2004},
	journal = {Psychological Review},
	pages = {984--1002},
	volume = {111},
	number = {4},
	doi = {10.1037/0033-295x.111.4.984},
	url = {http://dx.doi.org/10.1037/0033-295X.111.4.984},
	langid = {en}
}

@article{biles2021,
	title = {Should Catatonia Be Conceptualized as a Pathological Response to Trauma?},
	author = {Biles, Trever R. and Anem, Gautam and Youssef, Nagy A.},
	year = {2021},
	month = {05},
	date = {2021-05},
	journal = {Journal of Nervous & Mental Disease},
	pages = {320--323},
	volume = {209},
	number = {5},
	doi = {10.1097/nmd.0000000000001300},
	url = {http://dx.doi.org/10.1097/NMD.0000000000001300},
	langid = {en}
}

@book{shorter2018,
	title = {The Madness of Fear},
	author = {Shorter, Edward and Fink, Max},
	year = {2018},
	month = {05},
	date = {2018-05},
	publisher = {Oxford University Press},
	doi = {10.1093/med/9780190881191.001.0001},
	url = {http://dx.doi.org/10.1093/med/9780190881191.001.0001}
}

@article{humphreys2018,
	title = {A review of thanatosis (death feigning) as an anti-predator behaviour},
	author = {Humphreys, Rosalind K. and Ruxton, Graeme D.},
	year = {2018},
	month = {01},
	date = {2018-01-15},
	journal = {Behavioral Ecology and Sociobiology},
	volume = {72},
	number = {2},
	doi = {10.1007/s00265-017-2436-8},
	url = {http://dx.doi.org/10.1007/s00265-017-2436-8},
	langid = {en}
}

@article{lee2017,
	title = {A Case of Catatonia Later Diagnosed with NMDA Receptor Encephalitis},
	author = {Lee, Saejeong and Chon, Myong-Wuk and Lee, Jungsun and Kim, Chang-Yoon},
	year = {2017},
	date = {2017},
	journal = {Korean Journal of Schizophrenia Research},
	pages = {23},
	volume = {20},
	number = {1},
	doi = {10.16946/kjsr.2017.20.1.23},
	url = {http://dx.doi.org/10.16946/kjsr.2017.20.1.23},
	langid = {ko}
}

@article{denysenko2018,
	title = {Catatonia in the medically ill: Etiology, diagnosis, and treatment. The Academy of Consultation-Liaison Psychiatry Evidence-Based Medicine Subcommittee Monograph},
	author = {Denysenko, Lex and Sica, Nicole and Penders, Thomas M. and Philbrick, Kemuel L. and Walker, Audrey and Shaffer, Scott and Zimbrean, Paula and Freudenreich, Oliver and Rex, Nicole and Carroll, Brendan T. and Francis, Andrew},
	year = {2018},
	month = {05},
	date = {2018-05},
	journal = {Annals of Clinical Psychiatry: Official Journal of the American Academy of Clinical Psychiatrists},
	pages = {140--155},
	volume = {30},
	number = {2},
	note = {PMID: 29697715},
	langid = {eng}
}

@article{bhati2007,
	title = {Clinical manifestations, diagnosis, and empirical treatments for catatonia},
	author = {Bhati, Mahendra T. and Datto, Catherine J. and {O'Reardon}, John P.},
	year = {2007},
	month = {03},
	date = {2007-03},
	journal = {Psychiatry (Edgmont (Pa.: Township))},
	pages = {46--52},
	volume = {4},
	number = {3},
	note = {PMID: 20805910
PMCID: PMC2922358},
	langid = {eng}
}

@article{gershon2019,
	title = {How amytal changed psychopharmacy: off-label uses of sodium amytal (1920{\textendash}40)},
	author = {Gershon, Ariel and Shorter, Edward},
	year = {2019},
	month = {05},
	date = {2019-05-30},
	journal = {History of Psychiatry},
	pages = {352--358},
	volume = {30},
	number = {3},
	doi = {10.1177/0957154x19847605},
	url = {http://dx.doi.org/10.1177/0957154X19847605},
	langid = {en}
}

@article{gibson2008,
	title = {Benzodiazepines for catatonia in people with schizophrenia and other serious mental illnesses},
	author = {Gibson, Roger Carl and Walcott, Geoffery},
	editor = {, },
	year = {2008},
	month = {10},
	date = {2008-10-08},
	journal = {Cochrane Database of Systematic Reviews},
	doi = {10.1002/14651858.cd006570.pub2},
	url = {http://dx.doi.org/10.1002/14651858.CD006570.pub2},
	langid = {en}
}

@article{huang2005,
	title = {Lorazepam and diazepam rapidly relieve catatonic signs in patients with schizophrenia},
	author = {HUANG, TIAO-LAI},
	year = {2005},
	month = {02},
	date = {2005-02},
	journal = {Psychiatry and Clinical Neurosciences},
	pages = {52--55},
	volume = {59},
	number = {1},
	doi = {10.1111/j.1440-1819.2005.01331.x},
	url = {http://dx.doi.org/10.1111/j.1440-1819.2005.01331.x},
	langid = {en}
}

@article{Lin2013,
	title = {Lorazepam{\textendash}diazepam protocol for catatonia in schizophrenia: A 21-case analysis},
	author = {Lin, Chin-Chuen and Huang, Tiao-Lai},
	year = {2013},
	month = {11},
	date = {2013-11},
	journal = {Comprehensive Psychiatry},
	pages = {1210--1214},
	volume = {54},
	number = {8},
	doi = {10.1016/j.comppsych.2013.06.003},
	url = {http://dx.doi.org/10.1016/j.comppsych.2013.06.003},
	langid = {en}
}

@article{grover2011,
	title = {Long-term maintenance lorazepam for catatonia: a case report},
	author = {Grover, Sandeep and Aggarwal, Munish},
	year = {2011},
	month = {01},
	date = {2011-01},
	journal = {General Hospital Psychiatry},
	pages = {82.e1--82.e3},
	volume = {33},
	number = {1},
	doi = {10.1016/j.genhosppsych.2010.06.006},
	url = {http://dx.doi.org/10.1016/j.genhosppsych.2010.06.006},
	langid = {en}
}

@article{manjunatha2007,
	title = {Idiopathic Recurrent Catatonia Needs Maintenance Lorazepam: Case Report and Review},
	author = {Manjunatha, Narayana and Saddichha, Sahoo and Khess, Christoday R.-J.},
	year = {2007},
	month = {07},
	date = {2007-07},
	journal = {Australian & New Zealand Journal of Psychiatry},
	pages = {625--627},
	volume = {41},
	number = {7},
	doi = {10.1080/00048670701400032},
	url = {http://dx.doi.org/10.1080/00048670701400032},
	langid = {en}
}

@article{lin2016,
	title = {Relapses and recurrences of catatonia: 30-case analysis and literature review},
	author = {Lin, Chin-Chuen and Hung, Yi-Yung and Tsai, Meng-Chang and Huang, Tiao-Lai},
	year = {2016},
	month = {04},
	date = {2016-04},
	journal = {Comprehensive Psychiatry},
	pages = {157--165},
	volume = {66},
	doi = {10.1016/j.comppsych.2016.01.011},
	url = {https://linkinghub.elsevier.com/retrieve/pii/S0010440X15301954},
	langid = {en}
}

@article{ungvari1999,
	title = {Lorazepam for chronic catatonia: a randomized, double-blind, placebo-controlled cross-over study},
	author = {Ungvari, G. S. and Chiu, Helen F. K. and Chow, Lok Yee and Lau, Benjamin S. T. and Tang, Wai Kwong},
	year = {1999},
	month = {03},
	date = {1999-03-17},
	journal = {Psychopharmacology},
	pages = {393--398},
	volume = {142},
	number = {4},
	doi = {10.1007/s002130050904},
	url = {http://dx.doi.org/10.1007/s002130050904}
}

@article{thomas1997,
	title = {Test for Catatonia with zolpidem},
	author = {Thomas, Pierre and Rascle, Claire and Mastain, Bruno and Maron, Michel and Vaiva, Guillaume},
	year = {1997},
	month = {03},
	date = {1997-03},
	journal = {The Lancet},
	pages = {702},
	volume = {349},
	number = {9053},
	doi = {10.1016/s0140-6736(05)60139-0},
	url = {http://dx.doi.org/10.1016/S0140-6736(05)60139-0},
	langid = {en}
}

@article{peglow2013,
	title = {Treatment of Catatonia With Zolpidem},
	author = {Peglow, Stephanie and Prem, Vladimir and McDaniel, William},
	year = {2013},
	month = {07},
	date = {2013-07},
	journal = {The Journal of Neuropsychiatry and Clinical Neurosciences},
	pages = {E13--E13},
	volume = {25},
	number = {3},
	doi = {10.1176/appi.neuropsych.11120367},
	url = {http://dx.doi.org/10.1176/appi.neuropsych.11120367},
	langid = {en}
}

@article{Bastiampillai2008,
	title = {Correspondence},
	year = {2008},
	month = {01},
	date = {2008-01-01},
	journal = {Australian & New Zealand Journal of Psychiatry},
	pages = {907--911},
	volume = {42},
	number = {10},
	doi = {10.1080/00048670802345573},
	url = {http://dx.doi.org/10.1080/00048670802345573},
	langid = {en}
}

@article{Sasaki2012,
	title = {Treatment of refractory catatonic schizophrenia with low dose aripiprazole},
	author = {Sasaki, Tsuyoshi and Hashimoto, Tasuku and Niitsu, Tomihisa and Kanahara, Nobuhisa and Iyo, Masaomi},
	year = {2012},
	date = {2012},
	journal = {Annals of General Psychiatry},
	pages = {12},
	volume = {11},
	number = {1},
	doi = {10.1186/1744-859x-11-12},
	url = {http://dx.doi.org/10.1186/1744-859X-11-12},
	langid = {en}
}

@article{Sichert2021,
	title = {Rapid efficacy of aripiprazole in the treatment of catatonic depression/catatonia with consideration of the drug{\textquoteright}s unique receptor profile: a case report},
	author = {Sichert, Verena and Volz, Hans-Peter},
	year = {2020},
	month = {06},
	date = {2020-06-23},
	journal = {Fortschritte der Neurologie · Psychiatrie},
	pages = {178--181},
	volume = {89},
	number = {04},
	doi = {10.1055/a-1183-3887},
	url = {http://dx.doi.org/10.1055/a-1183-3887},
	langid = {de}
}

@article{Chattopadhyay2012,
	title = {Clozapine responsive catatonia: A series of five cases},
	author = {Chattopadhyay, Somsubhra and Saha, Indranil and Dan, Amitava and Bhattacharyya, Kaberi},
	year = {2012},
	date = {2012},
	journal = {Industrial Psychiatry Journal},
	pages = {66},
	volume = {21},
	number = {1},
	doi = {10.4103/0972-6748.110955},
	url = {http://dx.doi.org/10.4103/0972-6748.110955},
	langid = {en}
}

@article{Tabbane2016,
	title = {Clozapine for the management of persistent catatonia},
	author = {Tabbane, Karim and Halayem, Soumeyya and Joober, Ridha},
	year = {2016},
	month = {11},
	date = {2016-11},
	journal = {Journal of Psychiatry and Neuroscience},
	pages = {E81--E82},
	volume = {41},
	number = {6},
	doi = {10.1503/jpn.150352},
	url = {http://dx.doi.org/10.1503/jpn.150352},
	langid = {en}
}

@article{Lander2018,
	title = {Review of withdrawal catatonia: what does this reveal about clozapine?},
	author = {Lander, Matthew and Bastiampillai, Tarun and Sareen, Jitender},
	year = {2018},
	month = {07},
	date = {2018-07-31},
	journal = {Translational Psychiatry},
	volume = {8},
	number = {1},
	doi = {10.1038/s41398-018-0192-9},
	url = {http://dx.doi.org/10.1038/s41398-018-0192-9},
	langid = {en}
}

@article{sienaert2014,
	title = {A Clinical Review of the Treatment of Catatonia},
	author = {Sienaert, Pascal and Dhossche, Dirk M. and Vancampfort, Davy and De Hert, Marc and Gazdag, {GÃ¡bor}},
	year = {2014},
	month = {12},
	date = {2014-12-09},
	journal = {Frontiers in Psychiatry},
	volume = {5},
	doi = {10.3389/fpsyt.2014.00181},
	url = {http://dx.doi.org/10.3389/fpsyt.2014.00181}
}

@article{beach2017,
	title = {Alternative treatment strategies for catatonia: A systematic review},
	author = {Beach, Scott R. and Gomez-Bernal, Federico and Huffman, Jeff C. and Fricchione, Gregory L.},
	year = {2017},
	month = {09},
	date = {2017-09},
	journal = {General Hospital Psychiatry},
	pages = {1--19},
	volume = {48},
	doi = {10.1016/j.genhosppsych.2017.06.011},
	url = {http://dx.doi.org/10.1016/j.genhosppsych.2017.06.011},
	langid = {en}
}

@article{Nielsen2014,
	title = {Electroconvulsive therapy as a treatment for protracted refractory delirium in the intensive care unit{\textemdash}Five cases and a review},
	author = {Nielsen, R.M. and Olsen, K.S. and Lauritsen, A.OE. and Boesen, H.C.},
	year = {2014},
	month = {10},
	date = {2014-10},
	journal = {Journal of Critical Care},
	pages = {881.e1--881.e6},
	volume = {29},
	number = {5},
	doi = {10.1016/j.jcrc.2014.05.012},
	url = {http://dx.doi.org/10.1016/j.jcrc.2014.05.012},
	langid = {en}
}

@article{Morcos2019,
	title = {Electroconvulsive Therapy for Neuroleptic Malignant Syndrome},
	author = {Morcos, Nicholas and Rosinski, Amy and Maixner, Daniel F.},
	year = {2019},
	month = {04},
	date = {2019-04-23},
	journal = {The Journal of ECT},
	pages = {225--230},
	volume = {35},
	number = {4},
	doi = {10.1097/yct.0000000000000600},
	url = {http://dx.doi.org/10.1097/YCT.0000000000000600},
	langid = {en}
}

@article{luchini2015,
	title = {Electroconvulsive therapy in catatonic patients: Efficacy and predictors of response},
	author = {Luchini, Federica and Medda, Pierpaolo and Mariani, Michela Giorgi and Mauri, Mauro and Toni, Cristina and Perugi, Giulio},
	year = {2015},
	date = {2015},
	journal = {World Journal of Psychiatry},
	pages = {182},
	volume = {5},
	number = {2},
	doi = {10.5498/wjp.v5.i2.182},
	url = {http://dx.doi.org/10.5498/wjp.v5.i2.182},
	langid = {en}
}

@article{pompili2013,
	title = {Indications for electroconvulsive treatment in schizophrenia: A systematic review},
	author = {Pompili, Maurizio and Lester, David and Dominici, Giovanni and Longo, Lucia and Marconi, Giulia and Forte, Alberto and Serafini, Gianluca and Amore, Mario and Girardi, Paolo},
	year = {2013},
	month = {05},
	date = {2013-05},
	journal = {Schizophrenia Research},
	pages = {1--9},
	volume = {146},
	number = {1-3},
	doi = {10.1016/j.schres.2013.02.005},
	url = {http://dx.doi.org/10.1016/j.schres.2013.02.005},
	langid = {en}
}

@article{narayanaswamy2012,
	title = {Clinical predictors of response to treatment in catatonia},
	author = {Narayanaswamy, Janardhanan C. and Tibrewal, Prashant and Zutshi, Amit and Srinivasaraju, Ravindra and Math, Suresh Bada},
	year = {2012},
	month = {05},
	date = {2012-05},
	journal = {General Hospital Psychiatry},
	pages = {312--316},
	volume = {34},
	number = {3},
	doi = {10.1016/j.genhosppsych.2012.01.011},
	url = {http://dx.doi.org/10.1016/j.genhosppsych.2012.01.011},
	langid = {en}
}

@article{santosjr.2013,
	title = {Twenty years of electroconvulsive therapy in a psychiatric unit at a university general hospital},
	author = {Santos Jr., Amilton dos and Oliveira, {Maitê Cruvinel} and Andrade, Tiago dos Santos and Freitas, Rosana Ramos de and Banzato, {Cláudio Eduardo Muller} and Azevedo, Renata Cruz Soares de and Botega, {Neury José}},
	year = {2013},
	date = {2013},
	journal = {Trends in Psychiatry and Psychotherapy},
	pages = {229--233},
	volume = {35},
	number = {3},
	doi = {10.1590/s2237-60892013000300010},
	url = {http://dx.doi.org/10.1590/S2237-60892013000300010}
}

@article{malur2001,
	title = {ECT for Prolonged Catatonia},
	author = {Malur, Chitra and Pasol, Elias and Francis, Andrew},
	year = {2001},
	month = {03},
	date = {2001-03},
	journal = {The Journal of ECT},
	pages = {55--59},
	volume = {17},
	number = {1},
	doi = {10.1097/00124509-200103000-00012},
	url = {http://dx.doi.org/10.1097/00124509-200103000-00012},
	langid = {en}
}

@article{desilva2013,
	title = {Chronic catatonia treated with electroconvulsive therapy: a case report},
	author = {de Silva, Varuni A and Lakmini, Wickramaarachchige D and Gunawardena, Heshan N and Hanwella, Raveen},
	year = {2013},
	month = {08},
	date = {2013-08-23},
	journal = {Journal of Medical Case Reports},
	volume = {7},
	number = {1},
	doi = {10.1186/1752-1947-7-219},
	url = {http://dx.doi.org/10.1186/1752-1947-7-219},
	langid = {en}
}

@article{unal2013,
	title = {Effective Treatment of Catatonia by Combination of Benzodiazepine and Electroconvulsive Therapy},
	author = {Unal, Ahmet and Bulbul, Feridun and Alpak, Gokay and Virit, Osman and Copoglu, U. Sertan and Savas, Haluk A.},
	year = {2013},
	month = {09},
	date = {2013-09},
	journal = {The Journal of ECT},
	pages = {206--209},
	volume = {29},
	number = {3},
	doi = {10.1097/yct.0b013e3182887a1a},
	url = {http://dx.doi.org/10.1097/YCT.0b013e3182887a1a},
	langid = {en}
}

@article{hansbauer2020,
	title = {rTMS and tDCS for the treatment of catatonia: A systematic review},
	author = {Hansbauer, Maximilian and Wagner, Elias and Strube, Wolfgang and {Röh}, Astrid and Padberg, Frank and Keeser, Daniel and Falkai, Peter and Hasan, Alkomiet},
	year = {2020},
	month = {08},
	date = {2020-08},
	journal = {Schizophrenia Research},
	pages = {73--78},
	volume = {222},
	doi = {10.1016/j.schres.2020.05.028},
	url = {http://dx.doi.org/10.1016/j.schres.2020.05.028},
	langid = {en}
}
