
@article{fink2003,
	title = {Catatonia},
	author = {Fink, Max and Taylor, Michael Alan},
	year = {2003},
	month = {03},
	date = {2003-03-20},
	doi = {10.1017/cbo9780511543777},
	url = {http://dx.doi.org/10.1017/CBO9780511543777}
}

@article{Taylor2003,
	title = {Catatonia in Psychiatric Classification: A Home of Its Own},
	author = {Taylor, Michael Alan and Fink, Max},
	year = {2003},
	month = {07},
	date = {2003-07},
	journal = {American Journal of Psychiatry},
	pages = {1233--1241},
	volume = {160},
	number = {7},
	doi = {10.1176/appi.ajp.160.7.1233},
	url = {http://dx.doi.org/10.1176/appi.ajp.160.7.1233},
	langid = {en}
}

@article{fink2009,
	title = {Catatonia Is not Schizophrenia: Kraepelin's Error and the Need to Recognize Catatonia as an Independent Syndrome in Medical Nomenclature},
	author = {Fink, M. and Shorter, E. and Taylor, M. A.},
	year = {2009},
	month = {07},
	date = {2009-07-08},
	journal = {Schizophrenia Bulletin},
	pages = {314--320},
	volume = {36},
	number = {2},
	doi = {10.1093/schbul/sbp059},
	url = {http://dx.doi.org/10.1093/schbul/sbp059},
	langid = {en}
}

@article{Grover2015,
	title = {Catatonia in inpatients with psychiatric disorders: A comparison of schizophrenia and mood disorders},
	author = {Grover, Sandeep and Chakrabarti, Subho and Ghormode, Deepak and Agarwal, Munish and Sharma, Akhilesh and Avasthi, Ajit},
	year = {2015},
	month = {10},
	date = {2015-10},
	journal = {Psychiatry Research},
	pages = {919--925},
	volume = {229},
	number = {3},
	doi = {10.1016/j.psychres.2015.07.020},
	url = {http://dx.doi.org/10.1016/j.psychres.2015.07.020},
	langid = {en}
}

@article{Lund1991,
	title = {Motor, Volitional and Behavioural Disorders in Schizophrenia},
	author = {Lund, C. E. and Mortimer, A. M. and Rogers, D. and McKenna, P. J.},
	year = {1991},
	month = {03},
	date = {1991-03},
	journal = {British Journal of Psychiatry},
	pages = {323--327},
	volume = {158},
	number = {3},
	doi = {10.1192/bjp.158.3.323},
	url = {http://dx.doi.org/10.1192/bjp.158.3.323},
	langid = {en}
}

@article{McKenna1991,
	title = {Motor, Volitional and Behavioural Disorders in Schizophrenia},
	author = {McKenna, P. J. and Lund, C. E. and Mortimer, A. M. and Biggins, C. A.},
	year = {1991},
	month = {03},
	date = {1991-03},
	journal = {British Journal of Psychiatry},
	pages = {328--336},
	volume = {158},
	number = {3},
	doi = {10.1192/bjp.158.3.328},
	url = {http://dx.doi.org/10.1192/bjp.158.3.328},
	langid = {en}
}

@article{sienaert2011,
	title = {Measuring catatonia: A systematic review of rating scales},
	author = {Sienaert, Pascal and Rooseleer, Jonas and De Fruyt, {Jürgen}},
	year = {2011},
	month = {12},
	date = {2011-12},
	journal = {Journal of Affective Disorders},
	pages = {1--9},
	volume = {135},
	number = {1-3},
	doi = {10.1016/j.jad.2011.02.012},
	url = {http://dx.doi.org/10.1016/j.jad.2011.02.012},
	langid = {en}
}

@article{Starkstein1996,
	title = {Catatonia in depression: prevalence, clinical correlates, and validation of a scale.},
	author = {Starkstein, S E and Petracca, G and Teson, A and Chemerinski, E and Merello, M and Migliorelli, R and Leiguarda, R},
	year = {1996},
	month = {03},
	date = {1996-03-01},
	journal = {Journal of Neurology, Neurosurgery & Psychiatry},
	pages = {326--332},
	volume = {60},
	number = {3},
	doi = {10.1136/jnnp.60.3.326},
	url = {http://dx.doi.org/10.1136/jnnp.60.3.326},
	langid = {en}
}

@article{Bush1996,
	title = {Catatonia. I. Rating scale and standardized examination},
	author = {Bush, G. and Fink, M. and Petrides, G. and Dowling, F. and Francis, A.},
	year = {1996},
	month = {02},
	date = {1996-02},
	journal = {Acta Psychiatrica Scandinavica},
	pages = {129--136},
	volume = {93},
	number = {2},
	doi = {10.1111/j.1600-0447.1996.tb09814.x},
	url = {http://dx.doi.org/10.1111/j.1600-0447.1996.tb09814.x},
	langid = {en}
}

@article{Bush1996a,
	title = {Catatonia. II. Treatment with lorazepam and electroconvulsive therapy},
	author = {Bush, G. and Fink, M. and Petrides, G. and Dowling, F. and Francis, A.},
	year = {1996},
	month = {02},
	date = {1996-02},
	journal = {Acta Psychiatrica Scandinavica},
	pages = {137--143},
	volume = {93},
	number = {2},
	doi = {10.1111/j.1600-0447.1996.tb09815.x},
	url = {http://dx.doi.org/10.1111/j.1600-0447.1996.tb09815.x},
	langid = {en}
}

@article{Northoff1999,
	title = {Catatonia as a psychomotor syndrome: A rating scale and extrapyramidal motor symptoms},
	author = {Northoff, Georg and Koch, Andreas and Wenke, Jens and Eckert, Joachim and {B�ker}, Heinz and Pflug, Burkhard and Bogerts, Bernhard},
	year = {1999},
	month = {05},
	date = {1999-05},
	journal = {Movement Disorders},
	pages = {404--416},
	volume = {14},
	number = {3},
	doi = {10.1002/1531-8257(199905)14:3<404::aid-mds1004>3.0.co;2-5},
	url = {http://dx.doi.org/10.1002/1531-8257(199905)14:3<404::aid-mds1004>3.0.co;2-5},
	langid = {en}
}

@article{Bräunig2000,
	title = {The catatonia rating scale I{\textemdash}Development, reliability, and use},
	author = {{Bräunig}, Peter and {Krüger}, Stephanie and Shugar, Gerald and {Höffler}, {Jürgen} and {Börner}, Ingrid},
	year = {2000},
	month = {03},
	date = {2000-03},
	journal = {Comprehensive Psychiatry},
	pages = {147--158},
	volume = {41},
	number = {2},
	doi = {10.1016/s0010-440x(00)90148-2},
	url = {http://dx.doi.org/10.1016/s0010-440x(00)90148-2},
	langid = {en}
}

@article{carroll2008,
	title = {Katatonia: a new conceptual understanding of catatonia and a new rating scale},
	author = {Carroll, Brendan T. and Kirkhart, Rob and Ahuja, Niraj and Soovere, Ilo and Lauterbach, Edward C. and Dhossche, Dirk and Talbert, Rebecca},
	year = {2008},
	month = {12},
	date = {2008-12},
	journal = {Psychiatry (Edgmont (Pa.: Township))},
	pages = {42--50},
	volume = {5},
	number = {12},
	note = {PMID: 19724775
PMCID: PMC2729619},
	langid = {eng}
}

@article{Bost2018,
	title = {Malignant tumors in autoimmune encephalitis with anti-NMDA receptor antibodies},
	author = {Bost, {Chloé} and Chanson, Eve and Picard, {Géraldine} and Meyronet, David and Mayeur, Marie-Eve and Ducray, {François} and Rogemond, Veronique and Psimaras, Dimitri and Antoine, Jean-Christophe and Delattre, Jean-Yves and Desestret, Virginie and Honnorat, Jerome},
	year = {2018},
	month = {07},
	date = {2018-07-12},
	journal = {Journal of Neurology},
	pages = {2190--2200},
	volume = {265},
	number = {10},
	doi = {10.1007/s00415-018-8970-0},
	url = {http://dx.doi.org/10.1007/s00415-018-8970-0},
	langid = {en}
}

@article{Thomas1997,
	title = {Test for Catatonia with zolpidem},
	author = {Thomas, Pierre and Rascle, Claire and Mastain, Bruno and Maron, Michel and Vaiva, Guillaume},
	year = {1997},
	month = {03},
	date = {1997-03},
	journal = {The Lancet},
	pages = {702},
	volume = {349},
	number = {9053},
	doi = {10.1016/s0140-6736(05)60139-0},
	url = {http://dx.doi.org/10.1016/S0140-6736(05)60139-0},
	langid = {en}
}

@article{cottencin2009,
	title = {Catatonia recognition and treatment},
	author = {Cottencin, Olivier and Danel, Thierry and Goudemand, Michel and Thomas, Pierre and Consoli, Silla M.},
	year = {2009},
	month = {08},
	date = {2009-08},
	journal = {Medical Science Monitor: International Medical Journal of Experimental and Clinical Research},
	pages = {CS129--131},
	volume = {15},
	number = {8},
	note = {PMID: 19644424},
	langid = {eng}
}

@article{dhossche2010,
	title = {Catatonia is Hidden in Plain Sight Among Different Pediatric Disorders: A Review Article},
	author = {Dhossche, Dirk M. and Wachtel, Lee E.},
	year = {2010},
	month = {11},
	date = {2010-11},
	journal = {Pediatric Neurology},
	pages = {307--315},
	volume = {43},
	number = {5},
	doi = {10.1016/j.pediatrneurol.2010.07.001},
	url = {http://dx.doi.org/10.1016/j.pediatrneurol.2010.07.001},
	langid = {en}
}

@article{grover2014,
	title = {Do patients of delirium have catatonic features? An exploratory study},
	author = {Grover, Sandeep and Ghosh, Abhishek and Ghormode, Deepak},
	year = {2014},
	month = {04},
	date = {2014-04-13},
	journal = {Psychiatry and Clinical Neurosciences},
	pages = {644--651},
	volume = {68},
	number = {8},
	doi = {10.1111/pcn.12168},
	url = {http://dx.doi.org/10.1111/pcn.12168},
	langid = {en}
}

@article{bhati2007,
	title = {Clinical manifestations, diagnosis, and empirical treatments for catatonia},
	author = {Bhati, Mahendra T. and Datto, Catherine J. and {O'Reardon}, John P.},
	year = {2007},
	month = {03},
	date = {2007-03},
	journal = {Psychiatry (Edgmont (Pa.: Township))},
	pages = {46--52},
	volume = {4},
	number = {3},
	note = {PMID: 20805910
PMCID: PMC2922358},
	langid = {eng}
}

@article{Zaman2019,
	title = {Benzodiazepines for catatonia in people with schizophrenia or other serious mental illnesses},
	author = {Zaman, Hadar and Gibson, Roger Carl and Walcott, Geoffrey},
	editor = {, },
	year = {2019},
	month = {08},
	date = {2019-08-05},
	journal = {Cochrane Database of Systematic Reviews},
	doi = {10.1002/14651858.cd006570.pub3},
	url = {http://dx.doi.org/10.1002/14651858.CD006570.pub3},
	langid = {en}
}

@article{tollefson1982,
	title = {The amobarbital interview in the differential diagnosis of catatonia},
	author = {Tollefson, Gary D.},
	year = {1982},
	month = {04},
	date = {1982-04},
	journal = {Psychosomatics},
	pages = {437--438},
	volume = {23},
	number = {4},
	doi = {10.1016/s0033-3182(82)73407-3},
	url = {http://dx.doi.org/10.1016/S0033-3182(82)73407-3},
	langid = {en}
}

@article{appiani2018,
	title = {Catatonia is not schizophrenia and it is treatable},
	author = {Appiani, Francisco J. and Castro, Gonzalo S.},
	year = {2018},
	month = {10},
	date = {2018-10},
	journal = {Schizophrenia Research},
	pages = {112--116},
	volume = {200},
	doi = {10.1016/j.schres.2017.05.030},
	url = {http://dx.doi.org/10.1016/j.schres.2017.05.030},
	langid = {en}
}

@article{Manjunatha2007,
	title = {Idiopathic Recurrent Catatonia Needs Maintenance Lorazepam: Case Report and Review},
	author = {Manjunatha, Narayana and Saddichha, Sahoo and Khess, Christoday R.-J.},
	year = {2007},
	month = {07},
	date = {2007-07},
	journal = {Australian & New Zealand Journal of Psychiatry},
	pages = {625--627},
	volume = {41},
	number = {7},
	doi = {10.1080/00048670701400032},
	url = {http://dx.doi.org/10.1080/00048670701400032},
	langid = {en}
}

@article{Grover2011,
	title = {Long-term maintenance lorazepam for catatonia: a case report},
	author = {Grover, Sandeep and Aggarwal, Munish},
	year = {2011},
	month = {01},
	date = {2011-01},
	journal = {General Hospital Psychiatry},
	pages = {82.e1--82.e3},
	volume = {33},
	number = {1},
	doi = {10.1016/j.genhosppsych.2010.06.006},
	url = {http://dx.doi.org/10.1016/j.genhosppsych.2010.06.006},
	langid = {en}
}

@article{Lin2016,
	title = {Relapses and recurrences of catatonia: 30-case analysis and literature review},
	author = {Lin, Chin-Chuen and Hung, Yi-Yung and Tsai, Meng-Chang and Huang, Tiao-Lai},
	year = {2016},
	month = {04},
	date = {2016-04},
	journal = {Comprehensive Psychiatry},
	pages = {157--165},
	volume = {66},
	doi = {10.1016/j.comppsych.2016.01.011},
	url = {http://dx.doi.org/10.1016/j.comppsych.2016.01.011},
	langid = {en}
}

@article{Hatta2007,
	title = {Maximal Response to Electroconvulsive Therapy for the Treatment of Catatonic Symptoms},
	author = {Hatta, Kotaro and Miyakawa, Koichi and Ota, Tsuneyoshi and Usui, Chie and Nakamura, Hiroyuki and Arai, Heii},
	year = {2007},
	month = {12},
	date = {2007-12},
	journal = {The Journal of ECT},
	pages = {233--235},
	volume = {23},
	number = {4},
	doi = {10.1097/yct.0b013e3181587949},
	url = {http://dx.doi.org/10.1097/yct.0b013e3181587949},
	langid = {en}
}

@article{Ungvari1999,
	title = {Lorazepam for chronic catatonia: a randomized, double-blind, placebo-controlled cross-over study},
	author = {Ungvari, G. S. and Chiu, Helen F. K. and Chow, Lok Yee and Lau, Benjamin S. T. and Tang, Wai Kwong},
	year = {1999},
	month = {03},
	date = {1999-03-17},
	journal = {Psychopharmacology},
	pages = {393--398},
	volume = {142},
	number = {4},
	doi = {10.1007/s002130050904},
	url = {http://dx.doi.org/10.1007/s002130050904}
}

@article{thomas1997a,
	title = {Test for Catatonia with zolpidem},
	author = {Thomas, Pierre and Rascle, Claire and Mastain, Bruno and Maron, Michel and Vaiva, Guillaume},
	year = {1997},
	month = {03},
	date = {1997-03},
	journal = {The Lancet},
	pages = {702},
	volume = {349},
	number = {9053},
	doi = {10.1016/s0140-6736(05)60139-0},
	url = {http://dx.doi.org/10.1016/S0140-6736(05)60139-0},
	langid = {en}
}

@article{peglow2013,
	title = {Treatment of Catatonia With Zolpidem},
	author = {Peglow, Stephanie and Prem, Vladimir and McDaniel, William},
	year = {2013},
	month = {07},
	date = {2013-07},
	journal = {The Journal of Neuropsychiatry and Clinical Neurosciences},
	pages = {E13--E13},
	volume = {25},
	number = {3},
	doi = {10.1176/appi.neuropsych.11120367},
	url = {http://dx.doi.org/10.1176/appi.neuropsych.11120367},
	langid = {en}
}

@article{Bastiampillai2008,
	title = {Correspondence},
	year = {2008},
	month = {01},
	date = {2008-01-01},
	journal = {Australian & New Zealand Journal of Psychiatry},
	pages = {907--911},
	volume = {42},
	number = {10},
	doi = {10.1080/00048670802345573},
	url = {http://dx.doi.org/10.1080/00048670802345573},
	langid = {en}
}

@article{Sasaki2012,
	title = {Treatment of refractory catatonic schizophrenia with low dose aripiprazole},
	author = {Sasaki, Tsuyoshi and Hashimoto, Tasuku and Niitsu, Tomihisa and Kanahara, Nobuhisa and Iyo, Masaomi},
	year = {2012},
	date = {2012},
	journal = {Annals of General Psychiatry},
	pages = {12},
	volume = {11},
	number = {1},
	doi = {10.1186/1744-859x-11-12},
	url = {http://dx.doi.org/10.1186/1744-859X-11-12},
	langid = {en}
}

@article{Sichert2021,
	title = {Rapid efficacy of aripiprazole in the treatment of catatonic depression/catatonia with consideration of the drug{\textquoteright}s unique receptor profile: a case report},
	author = {Sichert, Verena and Volz, Hans-Peter},
	year = {2020},
	month = {06},
	date = {2020-06-23},
	journal = {Fortschritte der Neurologie · Psychiatrie},
	pages = {178--181},
	volume = {89},
	number = {04},
	doi = {10.1055/a-1183-3887},
	url = {http://dx.doi.org/10.1055/a-1183-3887},
	langid = {de}
}

@article{Chattopadhyay2012,
	title = {Clozapine responsive catatonia: A series of five cases},
	author = {Chattopadhyay, Somsubhra and Saha, Indranil and Dan, Amitava and Bhattacharyya, Kaberi},
	year = {2012},
	date = {2012},
	journal = {Industrial Psychiatry Journal},
	pages = {66},
	volume = {21},
	number = {1},
	doi = {10.4103/0972-6748.110955},
	url = {http://dx.doi.org/10.4103/0972-6748.110955},
	langid = {en}
}

@article{Tabbane2016,
	title = {Clozapine for the management of persistent catatonia},
	author = {Tabbane, Karim and Halayem, Soumeyya and Joober, Ridha},
	year = {2016},
	month = {11},
	date = {2016-11},
	journal = {Journal of Psychiatry and Neuroscience},
	pages = {E81--E82},
	volume = {41},
	number = {6},
	doi = {10.1503/jpn.150352},
	url = {http://dx.doi.org/10.1503/jpn.150352},
	langid = {en}
}

@article{Lander2018,
	title = {Review of withdrawal catatonia: what does this reveal about clozapine?},
	author = {Lander, Matthew and Bastiampillai, Tarun and Sareen, Jitender},
	year = {2018},
	month = {07},
	date = {2018-07-31},
	journal = {Translational Psychiatry},
	volume = {8},
	number = {1},
	doi = {10.1038/s41398-018-0192-9},
	url = {http://dx.doi.org/10.1038/s41398-018-0192-9},
	langid = {en}
}

@article{Beach2017,
	title = {Alternative treatment strategies for catatonia: A systematic review},
	author = {Beach, Scott R. and Gomez-Bernal, Federico and Huffman, Jeff C. and Fricchione, Gregory L.},
	year = {2017},
	month = {09},
	date = {2017-09},
	journal = {General Hospital Psychiatry},
	pages = {1--19},
	volume = {48},
	doi = {10.1016/j.genhosppsych.2017.06.011},
	url = {http://dx.doi.org/10.1016/j.genhosppsych.2017.06.011},
	langid = {en}
}

@article{Sienaert2014,
	title = {A Clinical Review of the Treatment of Catatonia},
	author = {Sienaert, Pascal and Dhossche, Dirk M. and Vancampfort, Davy and De Hert, Marc and Gazdag, {GÃ¡bor}},
	year = {2014},
	month = {12},
	date = {2014-12-09},
	journal = {Frontiers in Psychiatry},
	volume = {5},
	doi = {10.3389/fpsyt.2014.00181},
	url = {http://dx.doi.org/10.3389/fpsyt.2014.00181}
}

@article{Nielsen2014,
	title = {Electroconvulsive therapy as a treatment for protracted refractory delirium in the intensive care unit{\textemdash}Five cases and a review},
	author = {Nielsen, R.M. and Olsen, K.S. and Lauritsen, A.OE. and Boesen, H.C.},
	year = {2014},
	month = {10},
	date = {2014-10},
	journal = {Journal of Critical Care},
	pages = {881.e1--881.e6},
	volume = {29},
	number = {5},
	doi = {10.1016/j.jcrc.2014.05.012},
	url = {http://dx.doi.org/10.1016/j.jcrc.2014.05.012},
	langid = {en}
}

@article{Morcos2019,
	title = {Electroconvulsive Therapy for Neuroleptic Malignant Syndrome},
	author = {Morcos, Nicholas and Rosinski, Amy and Maixner, Daniel F.},
	year = {2019},
	month = {04},
	date = {2019-04-23},
	journal = {The Journal of ECT},
	pages = {225--230},
	volume = {35},
	number = {4},
	doi = {10.1097/yct.0000000000000600},
	url = {http://dx.doi.org/10.1097/YCT.0000000000000600},
	langid = {en}
}

@article{Luchini2015,
	title = {Electroconvulsive therapy in catatonic patients: Efficacy and predictors of response},
	author = {Luchini, Federica and Medda, Pierpaolo and Mariani, Michela Giorgi and Mauri, Mauro and Toni, Cristina and Perugi, Giulio},
	year = {2015},
	date = {2015},
	journal = {World Journal of Psychiatry},
	pages = {182},
	volume = {5},
	number = {2},
	doi = {10.5498/wjp.v5.i2.182},
	url = {http://dx.doi.org/10.5498/wjp.v5.i2.182},
	langid = {en}
}

@article{ungvari2018,
	title = {Schizophrenia with prominent catatonic features: A selective review},
	author = {Ungvari, Gabor S. and Gerevich, Jozsef and {Takács}, {Rozália} and Gazdag, {Gábor}},
	year = {2018},
	month = {10},
	date = {2018-10},
	journal = {Schizophrenia Research},
	pages = {77--84},
	volume = {200},
	doi = {10.1016/j.schres.2017.08.008},
	url = {http://dx.doi.org/10.1016/j.schres.2017.08.008},
	langid = {en}
}

@article{Pompili2013,
	title = {Indications for electroconvulsive treatment in schizophrenia: A systematic review},
	author = {Pompili, Maurizio and Lester, David and Dominici, Giovanni and Longo, Lucia and Marconi, Giulia and Forte, Alberto and Serafini, Gianluca and Amore, Mario and Girardi, Paolo},
	year = {2013},
	month = {05},
	date = {2013-05},
	journal = {Schizophrenia Research},
	pages = {1--9},
	volume = {146},
	number = {1-3},
	doi = {10.1016/j.schres.2013.02.005},
	url = {http://dx.doi.org/10.1016/j.schres.2013.02.005},
	langid = {en}
}

@article{Phutane2011,
	title = {Why do we prescribe ECT to schizophrenia patients?},
	author = {Kesavan, Muralidharan and Phutane, VivekH and Thirthalli, Jagadisha and Kumar, NaveenC and Gangadhar, BN},
	year = {2011},
	date = {2011},
	journal = {Indian Journal of Psychiatry},
	pages = {149},
	volume = {53},
	number = {2},
	doi = {10.4103/0019-5545.82544},
	url = {http://dx.doi.org/10.4103/0019-5545.82544},
	langid = {en}
}

@article{Raveendranathan2012,
	title = {Response rate of catatonia to electroconvulsive therapy and its clinical correlates},
	author = {Raveendranathan, Dhanya and Narayanaswamy, Janardhanan C. and Reddi, Senthil V.},
	year = {2011},
	month = {12},
	date = {2011-12-30},
	journal = {European Archives of Psychiatry and Clinical Neuroscience},
	pages = {425--430},
	volume = {262},
	number = {5},
	doi = {10.1007/s00406-011-0285-4},
	url = {http://dx.doi.org/10.1007/s00406-011-0285-4},
	langid = {en}
}

@article{Santos2013,
	title = {Twenty years of electroconvulsive therapy in a psychiatric unit at a university general hospital},
	author = {Santos Jr., Amilton dos and Oliveira, {Maitê Cruvinel} and Andrade, Tiago dos Santos and Freitas, Rosana Ramos de and Banzato, {Cláudio Eduardo Muller} and Azevedo, Renata Cruz Soares de and Botega, {Neury José}},
	year = {2013},
	date = {2013},
	journal = {Trends in Psychiatry and Psychotherapy},
	pages = {229--233},
	volume = {35},
	number = {3},
	doi = {10.1590/s2237-60892013000300010},
	url = {http://dx.doi.org/10.1590/s2237-60892013000300010}
}

@article{Malur2001,
	title = {Emergence of Catatonia During ECT},
	author = {Malur, Chitra and Francis, Andrew},
	year = {2001},
	month = {09},
	date = {2001-09},
	journal = {The Journal of ECT},
	pages = {201--204},
	volume = {17},
	number = {3},
	doi = {10.1097/00124509-200109000-00011},
	url = {http://dx.doi.org/10.1097/00124509-200109000-00011},
	langid = {en}
}

@article{de2013,
	title = {Chronic catatonia treated with electroconvulsive therapy: a case report},
	author = {de Silva, Varuni A and Lakmini, Wickramaarachchige D and Gunawardena, Heshan N and Hanwella, Raveen},
	year = {2013},
	month = {08},
	date = {2013-08-23},
	journal = {Journal of Medical Case Reports},
	volume = {7},
	number = {1},
	doi = {10.1186/1752-1947-7-219},
	url = {http://dx.doi.org/10.1186/1752-1947-7-219},
	langid = {en}
}

@article{Cristancho2014,
	title = {Successful Use of Right Unilateral ECT for Catatonia},
	author = {Cristancho, Pilar and Jewkes, Delaina and Mon, Thetsu and Conway, Charles},
	year = {2014},
	month = {03},
	date = {2014-03},
	journal = {The Journal of ECT},
	pages = {69--72},
	volume = {30},
	number = {1},
	doi = {10.1097/yct.0b013e31829a01d3},
	url = {http://dx.doi.org/10.1097/YCT.0b013e31829a01d3},
	langid = {en}
}

@article{Kugler2015,
	title = {Treatment of Catatonia With Ultrabrief Right Unilateral Electroconvulsive Therapy},
	author = {Kugler, Joseph L. and Hauptman, Aaron J. and Collier, Samuel J. and Walton, Amy E. and Murthy, Smitha and Funderburg, Linda G. and Garcia, Keith S.},
	year = {2015},
	month = {09},
	date = {2015-09},
	journal = {The Journal of ECT},
	pages = {192--196},
	volume = {31},
	number = {3},
	doi = {10.1097/yct.0000000000000185},
	url = {http://dx.doi.org/10.1097/YCT.0000000000000185},
	langid = {en}
}

@article{Kellner2010,
	title = {Electroconvulsive Therapy for Catatonia},
	author = {Kellner, Charles H. and Popeo, Dennis M. and Aloysi, Amy S.},
	year = {2010},
	month = {09},
	date = {2010-09},
	journal = {American Journal of Psychiatry},
	pages = {1127--1128},
	volume = {167},
	number = {9},
	doi = {10.1176/appi.ajp.2010.10020261},
	url = {http://dx.doi.org/10.1176/appi.ajp.2010.10020261},
	langid = {en}
}

@article{Unal2013,
	title = {Effective Treatment of Catatonia by Combination of Benzodiazepine and Electroconvulsive Therapy},
	author = {Unal, Ahmet and Bulbul, Feridun and Alpak, Gokay and Virit, Osman and Copoglu, U. Sertan and Savas, Haluk A.},
	year = {2013},
	month = {09},
	date = {2013-09},
	journal = {The Journal of ECT},
	pages = {206--209},
	volume = {29},
	number = {3},
	doi = {10.1097/yct.0b013e3182887a1a},
	url = {http://dx.doi.org/10.1097/YCT.0b013e3182887a1a},
	langid = {en}
}
