
@article{jeste1999,
	title = {Consensus Statement on the Upcoming Crisis in Geriatric Mental Health},
	author = {Jeste, Dilip V. and Alexopoulos, George S. and Bartels, Stephen J. and Cummings, Jeffrey L. and Gallo, Joseph J. and Gottlieb, Gary L. and Halpain, Maureen C. and Palmer, Barton W. and Patterson, Thomas L. and Reynolds, Charles F. and Lebowitz, Barry D.},
	year = {1999},
	month = {09},
	date = {1999-09-01},
	journal = {Archives of General Psychiatry},
	pages = {848},
	volume = {56},
	number = {9},
	doi = {10.1001/archpsyc.56.9.848},
	url = {http://dx.doi.org/10.1001/archpsyc.56.9.848},
	langid = {en}
}

@article{palmer1999,
	title = {Older Patients With Schizophrenia: Challenges in the Coming Decades},
	author = {Palmer, Barton W. and Heaton, Shelley C. and Jeste, Dilip V.},
	year = {1999},
	month = {09},
	date = {1999-09},
	journal = {Psychiatric Services},
	pages = {1178--1183},
	volume = {50},
	number = {9},
	doi = {10.1176/ps.50.9.1178},
	url = {http://dx.doi.org/10.1176/ps.50.9.1178},
	langid = {en}
}

@article{wasylenki1994,
	title = {The cost of schizophrenia},
	author = {Wasylenki, D. A.},
	year = {1994},
	month = {11},
	date = {1994-11},
	journal = {Canadian Journal of Psychiatry. Revue Canadienne De Psychiatrie},
	pages = {S65--69},
	volume = {39},
	number = {9 Suppl 2},
	note = {PMID: 7874667},
	langid = {eng}
}

@article{bartels2003,
	title = {Medicare and Medicaid Costs for Schizophrenia Patients by Age Cohort Compared With Costs for Depression, Dementia, and Medically Ill Patients},
	author = {Bartels, Stephen J. and Clark, Robin E. and Peacock, William J. and Dums, Aricca R. and Pratt, Sarah I.},
	year = {2003},
	month = {11},
	date = {2003-11},
	journal = {American Journal of Geriatric Psychiatry},
	pages = {648--657},
	volume = {11},
	number = {6},
	doi = {10.1097/00019442-200311000-00009},
	url = {http://dx.doi.org/10.1097/00019442-200311000-00009},
	langid = {en}
}

@article{onehund1994,
	title = {One hundred years of schizophrenia: a meta-analysis of the outcome literature},
	year = {1994},
	month = {10},
	date = {1994-10},
	journal = {American Journal of Psychiatry},
	pages = {1409--1416},
	volume = {151},
	number = {10},
	doi = {10.1176/ajp.151.10.1409},
	url = {http://dx.doi.org/10.1176/ajp.151.10.1409},
	langid = {en}
}

@article{theverm1987,
	title = {The Vermont longitudinal study of persons with severe mental illness, II: Long-term outcome of subjects who retrospectively met DSM-III criteria for schizophrenia},
	year = {1987},
	month = {06},
	date = {1987-06},
	journal = {American Journal of Psychiatry},
	pages = {727--735},
	volume = {144},
	number = {6},
	doi = {10.1176/ajp.144.6.727},
	url = {http://dx.doi.org/10.1176/ajp.144.6.727},
	langid = {en}
}

@inbook{harding2003,
	title = {Changes in schizophrenia across time: Paradoxes, patterns, and predictors},
	author = {Harding, Courtenay M.},
	year = {2003},
	date = {2003},
	publisher = {American Psychiatric Publishing, Inc.},
	pages = {19--41},
	address = {Arlington, VA, US}
}

@article{harrison2001,
	title = {Recovery from psychotic illness: A 15- and 25-year international follow-up study},
	author = {Harrison, G. and Hopper, K. and Craig, T. and Laska, E. and Siegel, C. and Wanderling, J. and Dube, K. C. and Ganev, K. and Giel, R. and Der Heiden, W. An and Holmberg, S. K. and Janca, A. and Lee, P. W. H. and {Le√≥n}, C. A. and Malhotra, S. and Marsella, A. J. and Nakane, Y. and Sartorius, N. and Shen, Y. and Skoda, C. and Thara, R. and Tsirkin, S. J. and Varma, V. K. and Walsh, D. and Wiersma, D.},
	year = {2001},
	month = {06},
	date = {2001-06},
	journal = {British Journal of Psychiatry},
	pages = {506--517},
	volume = {178},
	number = {6},
	doi = {10.1192/bjp.178.6.506},
	url = {http://dx.doi.org/10.1192/bjp.178.6.506},
	langid = {en}
}

@article{andreasen2005,
	title = {Remission in Schizophrenia: Proposed Criteria and Rationale for Consensus},
	author = {Andreasen, Nancy C. and Carpenter, William T. and Kane, John M. and Lasser, Robert A. and Marder, Stephen R. and Weinberger, Daniel R.},
	year = {2005},
	month = {03},
	date = {2005-03},
	journal = {American Journal of Psychiatry},
	pages = {441--449},
	volume = {162},
	number = {3},
	doi = {10.1176/appi.ajp.162.3.441},
	url = {http://dx.doi.org/10.1176/appi.ajp.162.3.441},
	langid = {en}
}

@article{bankole2008,
	title = {Symptomatic Remission in a Multiracial Urban Population of Older Adults with Schizophrenia},
	author = {Bankole, Azziza and Cohen, Carl I. and Vahia, Ipsit and Diwan, Shilpa and Palekar, Nikhil and Reyes, Pia and Sapra, Mamta and Ramirez, Paul M.},
	year = {2008},
	month = {12},
	date = {2008-12},
	journal = {The American Journal of Geriatric Psychiatry},
	pages = {966--973},
	volume = {16},
	number = {12},
	doi = {10.1097/jgp.0b013e31818af801},
	url = {http://dx.doi.org/10.1097/JGP.0b013e31818af801},
	langid = {en}
}

@article{leung2008,
	title = {Functional implications of neuropsychological normality and symptom remission in older outpatients diagnosed with schizophrenia: A cross-sectional study},
	author = {LEUNG, WINNIE W. and BOWIE, CHRISTOPHER R. and HARVEY, PHILIP D.},
	year = {2008},
	month = {04},
	date = {2008-04-17},
	journal = {Journal of the International Neuropsychological Society},
	pages = {479--488},
	volume = {14},
	number = {03},
	doi = {10.1017/s1355617708080600},
	url = {http://dx.doi.org/10.1017/S1355617708080600},
	langid = {en}
}

@article{meesters2011,
	title = {Symptomatic remission and associated factors in a catchment area based population of older patients with schizophrenia},
	author = {Meesters, Paul D. and Comijs, Hannie C. and de Haan, Lieuwe and Smit, Johannes H. and Eikelenboom, Piet and Beekman, Aartjan T.F. and Stek, Max L.},
	year = {2011},
	month = {03},
	date = {2011-03},
	journal = {Schizophrenia Research},
	pages = {237--244},
	volume = {126},
	number = {1-3},
	doi = {10.1016/j.schres.2010.09.003},
	url = {http://dx.doi.org/10.1016/j.schres.2010.09.003},
	langid = {en}
}

@article{cohen2014,
	title = {Longitudinal Study of Remission Among Older Adults with Schizophrenia Spectrum Disorder},
	author = {Cohen, Carl I. and Iqbal, Mudassar},
	year = {2014},
	month = {05},
	date = {2014-05},
	journal = {The American Journal of Geriatric Psychiatry},
	pages = {450--458},
	volume = {22},
	number = {5},
	doi = {10.1016/j.jagp.2013.09.004},
	url = {http://dx.doi.org/10.1016/j.jagp.2013.09.004},
	langid = {en}
}

@article{mcglashan1996,
	title = {Early Detection and Intervention With Schizophrenia: Rationale},
	author = {McGlashan, T. H. and Johannessen, J. O.},
	year = {1996},
	month = {01},
	date = {1996-01-01},
	journal = {Schizophrenia Bulletin},
	pages = {201--222},
	volume = {22},
	number = {2},
	doi = {10.1093/schbul/22.2.201},
	url = {http://dx.doi.org/10.1093/schbul/22.2.201},
	langid = {en}
}

@article{bobes2009,
	title = {Prevalence of Negative Symptoms in Outpatients With Schizophrenia Spectrum Disorders Treated With Antipsychotics in Routine Clinical Practice},
	author = {Bobes, Julio and Arango, Celso and Garcia-Garcia, Margarida and Rejas, Javier and , },
	year = {2009},
	month = {11},
	date = {2009-11-03},
	journal = {The Journal of Clinical Psychiatry},
	pages = {280--286},
	volume = {71},
	number = {03},
	doi = {10.4088/jcp.08m04250yel},
	url = {http://dx.doi.org/10.4088/JCP.08m04250yel}
}

@article{cohen2013,
	title = {Prevalence of Negative Symptoms and Associated Factors in Older Adults With Schizophrenia Spectrum Disorder},
	author = {Cohen, Carl I. and Natarajan, Navin and Araujo, Marie and Solanki, Dishal},
	year = {2013},
	month = {02},
	date = {2013-02},
	journal = {The American Journal of Geriatric Psychiatry},
	pages = {100--107},
	volume = {21},
	number = {2},
	doi = {10.1016/j.jagp.2012.10.009},
	url = {http://dx.doi.org/10.1016/j.jagp.2012.10.009},
	langid = {en}
}

@article{jin2001,
	title = {Association of Depressive Symptoms With Worse Functioning in Schizophrenia},
	author = {Jin, Hua and Zisook, Sidney and Palmer, Barton W. and Patterson, Thomas L. and Heaton, Robert K. and Jeste, Dilip V.},
	year = {2001},
	month = {10},
	date = {2001-10-15},
	journal = {The Journal of Clinical Psychiatry},
	pages = {797--803},
	volume = {62},
	number = {10},
	doi = {10.4088/jcp.v62n1008},
	url = {http://dx.doi.org/10.4088/jcp.v62n1008}
}

@article{diwan2007,
	title = {Depression in Older Adults With Schizophrenia Spectrum Disorders: Prevalence and Associated Factors},
	author = {Diwan, Shilpa and Cohen, Carl I. and Bankole, Azziza O. and Vahia, Ipsit and Kehn, Michelle and Ramirez, Paul M.},
	year = {2007},
	month = {12},
	date = {2007-12},
	journal = {The American Journal of Geriatric Psychiatry},
	pages = {991--998},
	volume = {15},
	number = {12},
	doi = {10.1097/jgp.0b013e31815ae34b},
	url = {http://dx.doi.org/10.1097/JGP.0b013e31815ae34b},
	langid = {en}
}

@article{meesters2014,
	title = {Prevalence and correlates of depressive symptoms in a catchment-area based cohort of older community-living schizophrenia patients},
	author = {Meesters, Paul D. and Comijs, Hannie C. and Sonnenberg, Caroline M. and Hoogendoorn, Adriaan W. and de Haan, Lieuwe and Eikelenboom, Piet and Beekman, Aartjan T.F. and Stek, Max L.},
	year = {2014},
	month = {08},
	date = {2014-08},
	journal = {Schizophrenia Research},
	pages = {285--291},
	volume = {157},
	number = {1-3},
	doi = {10.1016/j.schres.2014.05.002},
	url = {http://dx.doi.org/10.1016/j.schres.2014.05.002},
	langid = {en}
}

@article{belitsky1993,
	title = {The Manifestations of Schizophrenia in Late Life: A Dearth of Data},
	author = {Belitsky, R. and McGlashan, T. H.},
	year = {1993},
	month = {01},
	date = {1993-01-01},
	journal = {Schizophrenia Bulletin},
	pages = {683--685},
	volume = {19},
	number = {4},
	doi = {10.1093/schbul/19.4.683},
	url = {http://dx.doi.org/10.1093/schbul/19.4.683},
	langid = {en}
}

@article{ciompi1980,
	title = {Catamnestic Long-term Study on the Course of Life and Aging of Schizophrenics},
	author = {Ciompi, L. and Clemens, S.},
	year = {1980},
	month = {01},
	date = {1980-01-01},
	journal = {Schizophrenia Bulletin},
	pages = {606--618},
	volume = {6},
	number = {4},
	doi = {10.1093/schbul/6.4.606},
	url = {http://dx.doi.org/10.1093/schbul/6.4.606},
	langid = {en}
}

@article{irani2010,
	title = {Neuropsychological Performance in Older Patients With Schizophrenia: A Meta-Analysis of Cross-sectional and Longitudinal Studies},
	author = {Irani, Farzin and Kalkstein, Solomon and Moberg, Emily A. and Moberg, Paul J.},
	year = {2010},
	month = {06},
	date = {2010-06-14},
	journal = {Schizophrenia Bulletin},
	pages = {1318--1326},
	volume = {37},
	number = {6},
	doi = {10.1093/schbul/sbq057},
	url = {http://dx.doi.org/10.1093/schbul/sbq057},
	langid = {en}
}

@article{shah2011,
	title = {Is There Evidence for Late Cognitive Decline in Chronic Schizophrenia?},
	author = {Shah, Jharna N. and Qureshi, Salah U. and Jawaid, Ali and Schulz, Paul E.},
	year = {2011},
	month = {08},
	date = {2011-08-24},
	journal = {Psychiatric Quarterly},
	pages = {127--144},
	volume = {83},
	number = {2},
	doi = {10.1007/s11126-011-9189-8},
	url = {http://dx.doi.org/10.1007/s11126-011-9189-8},
	langid = {en}
}

@article{rajji2013,
	title = {Cognitive Performance of Individuals With Schizophrenia Across Seven Decades: A¬†Study Using the MATRICS Consensus Cognitive Battery},
	author = {Rajji, Tarek K. and Voineskos, Aristotle N. and Butters, Meryl A. and Miranda, Dielle and Arenovich, Tamara and Menon, Mahesh and Ismail, Zahinoor and Kern, Robert S. and Mulsant, Benoit H.},
	year = {2013},
	month = {02},
	date = {2013-02},
	journal = {The American Journal of Geriatric Psychiatry},
	pages = {108--118},
	volume = {21},
	number = {2},
	doi = {10.1016/j.jagp.2012.10.011},
	url = {http://dx.doi.org/10.1016/j.jagp.2012.10.011},
	langid = {en}
}

@article{rajji2008,
	title = {Nature and course of cognitive function in late-life schizophrenia: A systematic review},
	author = {RAJJI, T and MULSANT, B},
	year = {2008},
	month = {07},
	date = {2008-07},
	journal = {Schizophrenia Research},
	pages = {122--140},
	volume = {102},
	number = {1-3},
	doi = {10.1016/j.schres.2008.03.015},
	url = {http://dx.doi.org/10.1016/j.schres.2008.03.015},
	langid = {en}
}

@article{friedman2001,
	title = {Six-Year Follow-Up Study of Cognitive and Functional Status Across the Lifespan in Schizophrenia: A Comparison With Alzheimer{\textquoteright}s Disease and Normal Aging},
	author = {Friedman, Joseph I. and Harvey, Philip D. and Coleman, Thomas and Moriarty, Patrick J. and Bowie, Christopher and Parrella, Mike and White, Leonard and Adler, David and Davis, Kenneth L.},
	year = {2001},
	month = {09},
	date = {2001-09},
	journal = {American Journal of Psychiatry},
	pages = {1441--1448},
	volume = {158},
	number = {9},
	doi = {10.1176/appi.ajp.158.9.1441},
	url = {http://dx.doi.org/10.1176/appi.ajp.158.9.1441},
	langid = {en}
}

@article{thompson2013,
	title = {Characterizing trajectories of cognitive functioning in older adults with schizophrenia: Does method matter?},
	author = {Thompson, Wesley K. and Savla, Gauri N. and Vahia, Ipsit V. and Depp, Colin A. and {O'Hara}, Ruth and Jeste, Dilip V. and Palmer, Barton W.},
	year = {2013},
	month = {01},
	date = {2013-01},
	journal = {Schizophrenia Research},
	pages = {90--96},
	volume = {143},
	number = {1},
	doi = {10.1016/j.schres.2012.10.033},
	url = {http://dx.doi.org/10.1016/j.schres.2012.10.033},
	langid = {en}
}

@article{vahia2010,
	title = {Is late-onset schizophrenia a subtype of schizophrenia?},
	author = {Vahia, I. V. and Palmer, B. W. and Depp, C. and Fellows, I. and Golshan, S. and Kraemer, H. C. and Jeste, D. V.},
	year = {2010},
	month = {02},
	date = {2010-02-25},
	journal = {Acta Psychiatrica Scandinavica},
	pages = {414--426},
	volume = {122},
	number = {5},
	doi = {10.1111/j.1600-0447.2010.01552.x},
	url = {http://dx.doi.org/10.1111/j.1600-0447.2010.01552.x},
	langid = {en}
}

@article{smeets-janssen2013,
	title = {Theory of Mind differences in older patients with early-onset and late-onset paranoid schizophrenia},
	author = {Smeets-Janssen, M. M. J. and Meesters, P. D. and Comijs, H. C. and Eikelenboom, P. and Smit, J. H. and de Haan, L. and Beekman, A. T. F. and Stek, M. L.},
	year = {2013},
	month = {01},
	date = {2013-01},
	journal = {International Journal of Geriatric Psychiatry},
	pages = {n/a--n/a},
	doi = {10.1002/gps.3933},
	url = {http://dx.doi.org/10.1002/gps.3933},
	langid = {en}
}

@article{linke2015,
	title = {Age or age at onset? Which of them really matters for neuro and social cognition in schizophrenia?},
	author = {Linke, Magdalena and Jankowski, Konrad S. and {Cio{\l}kiewicz}, Agnieszka and {J{\k{e}}drasik-Sty{\l}a}, {Ma{\l}gorzata} and Parnowska, Dorota and Gruszka, Anna and Denisiuk, Mirella and Jarema, Marek and Wichniak, Adam},
	year = {2015},
	month = {01},
	date = {2015-01},
	journal = {Psychiatry Research},
	pages = {197--201},
	volume = {225},
	number = {1-2},
	doi = {10.1016/j.psychres.2014.11.024},
	url = {http://dx.doi.org/10.1016/j.psychres.2014.11.024},
	langid = {en}
}

@article{evans1999,
	title = {Cognitive Deficits and Psychopathology in Institutionalized versus Community-Dwelling Elderly Schizophrenia Patients},
	author = {Evans, Jovier D. and Negron, Arnaldo E. and Palmer, Barton W. and Paulsen, Jane S. and Heaton, Robert K. and Jeste, Dilip V.},
	year = {1999},
	month = {04},
	date = {1999-04},
	journal = {Journal of Geriatric Psychiatry and Neurology},
	pages = {11--15},
	volume = {12},
	number = {1},
	doi = {10.1177/089198879901200104},
	url = {http://dx.doi.org/10.1177/089198879901200104},
	langid = {en}
}

@article{hendrie2014,
	title = {Health Outcomes and Cost of Care Among Older Adults with Schizophrenia: A 10-Year Study Using Medical Records Across the Continuum of Care},
	author = {Hendrie, Hugh C. and Tu, Wanzhu and Tabbey, Rebeka and Purnell, Christianna E. and Ambuehl, Roberta J. and Callahan, Christopher M.},
	year = {2014},
	month = {05},
	date = {2014-05},
	journal = {The American Journal of Geriatric Psychiatry},
	pages = {427--436},
	volume = {22},
	number = {5},
	doi = {10.1016/j.jagp.2012.10.025},
	url = {http://dx.doi.org/10.1016/j.jagp.2012.10.025},
	langid = {en}
}

@article{ribe2015,
	title = {Long-term Risk of Dementia in Persons With Schizophrenia},
	author = {Ribe, Anette Riisgaard and Laursen, Thomas Munk and Charles, Morten and Katon, Wayne and {Fenger-Gr√∏n}, Morten and Davydow, Dimitry and Chwastiak, Lydia and Cerimele, Joseph M. and Vestergaard, Mogens},
	year = {2015},
	month = {11},
	date = {2015-11-01},
	journal = {JAMA Psychiatry},
	pages = {1095},
	volume = {72},
	number = {11},
	doi = {10.1001/jamapsychiatry.2015.1546},
	url = {http://dx.doi.org/10.1001/jamapsychiatry.2015.1546},
	langid = {en}
}

@article{cai2018,
	title = {Schizophrenia and risk of dementia: a meta-analysis study},
	author = {Cai, Laisheng and Huang, Jingwei},
	year = {2018},
	month = {08},
	date = {2018-08},
	journal = {Neuropsychiatric Disease and Treatment},
	pages = {2047--2055},
	volume = {Volume 14},
	doi = {10.2147/ndt.s172933},
	url = {http://dx.doi.org/10.2147/NDT.S172933},
	langid = {en}
}

@article{adamowicz2020,
	title = {Metabolic Syndrome and Cognitive Functions in Schizophrenia{\textemdash}Implementation of Dietary Intervention},
	author = {Adamowicz, Katarzyna and Mazur, Aleksandra and Mak, Monika and Samochowiec, Jerzy and Kucharska-Mazur, Jolanta},
	year = {2020},
	month = {04},
	date = {2020-04-30},
	journal = {Frontiers in Psychiatry},
	volume = {11},
	doi = {10.3389/fpsyt.2020.00359},
	url = {http://dx.doi.org/10.3389/fpsyt.2020.00359}
}

@article{mackenzie2018,
	title = {Antipsychotics, Metabolic Adverse Effects, and Cognitive Function in Schizophrenia},
	author = {MacKenzie, Nicole E. and Kowalchuk, Chantel and Agarwal, Sri Mahavir and Costa-Dookhan, Kenya A. and Caravaggio, Fernando and Gerretsen, Philip and Chintoh, Araba and Remington, Gary J. and Taylor, Valerie H. and {M√ºeller}, Daniel J. and Graff-Guerrero, Ariel and Hahn, Margaret K.},
	year = {2018},
	month = {12},
	date = {2018-12-05},
	journal = {Frontiers in Psychiatry},
	volume = {9},
	doi = {10.3389/fpsyt.2018.00622},
	url = {http://dx.doi.org/10.3389/fpsyt.2018.00622}
}

@article{meta-ana1997,
	title = {Meta-analysis of postmortem studies of Alzheimer's disease-like neuropathology in schizophrenia [published erratum appears in Am J Psychiatry 1997 Aug;154(8):1180]},
	year = {1997},
	month = {06},
	date = {1997-06},
	journal = {American Journal of Psychiatry},
	pages = {861--863},
	volume = {154},
	number = {6},
	doi = {10.1176/ajp.154.6.861},
	url = {http://dx.doi.org/10.1176/ajp.154.6.861},
	langid = {en}
}

@article{purohit1998,
	title = {Alzheimer Disease and Related Neurodegenerative Diseases in Elderly Patients With Schizophrenia},
	author = {Purohit, Dushyant P. and Perl, Daniel P. and Haroutunian, Vahram and Powchik, Peter and Davidson, Michael and Davis, Kenneth L.},
	year = {1998},
	month = {03},
	date = {1998-03-01},
	journal = {Archives of General Psychiatry},
	pages = {205},
	volume = {55},
	number = {3},
	doi = {10.1001/archpsyc.55.3.205},
	url = {http://dx.doi.org/10.1001/archpsyc.55.3.205},
	langid = {en}
}

@article{Ho2011,
	title = {Long-term Antipsychotic Treatment and Brain Volumes},
	author = {Ho, Beng-Choon and Andreasen, Nancy C. and Ziebell, Steven and Pierson, Ronald and Magnotta, Vincent},
	year = {2011},
	month = {02},
	date = {2011-02-07},
	journal = {Archives of General Psychiatry},
	pages = {128},
	volume = {68},
	number = {2},
	doi = {10.1001/archgenpsychiatry.2010.199},
	url = {http://dx.doi.org/10.1001/archgenpsychiatry.2010.199},
	langid = {en}
}

@article{Higaki1997,
	title = {Inhibition of Œ≤-Amyloid Formation by Haloperidol: A Possible Mechanism for Reduced Frequency of Alzheimer's Disease Pathology in Schizophrenia},
	author = {Higaki, Jeffrey and Murphy, Greer M. and Cordell, Barbara},
	year = {2002},
	month = {11},
	date = {2002-11-18},
	journal = {Journal of Neurochemistry},
	pages = {333--336},
	volume = {68},
	number = {1},
	doi = {10.1046/j.1471-4159.1997.68010333.x},
	url = {http://dx.doi.org/10.1046/j.1471-4159.1997.68010333.x},
	langid = {en}
}

@article{Zhu2013,
	title = {Therapeutic Effects of Quetiapine on Memory Deficit and Brain &beta;-Amyloid Plaque Pathology in a Transgenic Mouse Model of Alzheimer{\textquoteright}s Disease},
	author = {Zhu, Shenghua and He, Jue and Zhang, Ruiguo and Kong, Lynda and Tempier, Adrien and Kong, Jiming and Li, Xin-Min},
	year = {2013},
	month = {04},
	date = {2013-04-01},
	journal = {Current Alzheimer Research},
	pages = {270--278},
	volume = {10},
	number = {3},
	doi = {10.2174/1567205011310030006},
	url = {http://dx.doi.org/10.2174/1567205011310030006},
	langid = {en}
}

@article{Wang2005,
	title = {Olanzapine and quetiapine protect PC12 cells from Œ≤-amyloid peptide25-35-induced oxidative stress and the ensuing apoptosis},
	author = {Wang, Haitao and Xu, Haiyun and Dyck, Lillian E. and Li, Xin-Min},
	year = {2005},
	month = {08},
	date = {2005-08-15},
	journal = {Journal of Neuroscience Research},
	pages = {572--580},
	volume = {81},
	number = {4},
	doi = {10.1002/jnr.20570},
	url = {http://dx.doi.org/10.1002/jnr.20570},
	langid = {en}
}

@article{yang2011,
	title = {Neuroprotection of paliperidone on SH-SY5Y cells against Œ≤-amyloid peptide25-35, N-methyl-4-phenylpyridinium ion, and hydrogen peroxide-induced cell death},
	author = {Yang, Ming-Chang and Lung, For-Wey},
	year = {2011},
	month = {04},
	date = {2011-04-27},
	journal = {Psychopharmacology},
	pages = {397--410},
	volume = {217},
	number = {3},
	doi = {10.1007/s00213-011-2291-7},
	url = {http://dx.doi.org/10.1007/s00213-011-2291-7},
	langid = {en}
}

@article{kumar2017,
	title = {In silico repurposing of antipsychotic drugs for Alzheimer{\textquoteright}s disease},
	author = {Kumar, Shivani and Chowdhury, Suman and Kumar, Suresh},
	year = {2017},
	month = {10},
	date = {2017-10-27},
	journal = {BMC Neuroscience},
	volume = {18},
	number = {1},
	doi = {10.1186/s12868-017-0394-8},
	url = {http://dx.doi.org/10.1186/s12868-017-0394-8},
	langid = {en}
}

@article{cohen2008,
	title = {Focus on Geriatric Psychiatry: Schizophrenia in Later Life: Clinical Symptoms and Social Well-being},
	author = {Cohen, Carl I. and Vahia, Ipsit and Reyes, Pia and Diwan, Shilpa and Bankole, Azziza O. and Palekar, Nikhil and Kehn, Michelle and Ramirez, Paul},
	year = {2008},
	month = {03},
	date = {2008-03},
	journal = {Psychiatric Services},
	pages = {232--234},
	volume = {59},
	number = {3},
	doi = {10.1176/ps.2008.59.3.232},
	url = {http://dx.doi.org/10.1176/ps.2008.59.3.232},
	langid = {en}
}

@article{jimenez2012,
	title = {Cultural Beliefs and Mental Health Treatment Preferences of Ethnically Diverse Older Adult Consumers in Primary Care},
	author = {Jimenez, Daniel E. and Bartels, Stephen J. and Cardenas, Veronica and Dhaliwal, Sanam S. and {Alegr√≠a}, Margarita},
	year = {2012},
	month = {06},
	date = {2012-06},
	journal = {The American Journal of Geriatric Psychiatry},
	pages = {533--542},
	volume = {20},
	number = {6},
	doi = {10.1097/jgp.0b013e318227f876},
	url = {http://dx.doi.org/10.1097/JGP.0b013e318227f876},
	langid = {en}
}

@article{cohen2000,
	title = {Schizophrenia and Older Adults: An Overview: Directions for Research and Policy},
	author = {Cohen, Carl I. and Cohen, Gene D. and Blank, Karen and Gaitz, Charles and Katz, Ira R. and Leuchter, Andrew and Maletta, Gabe and Meyers, Barnett and Sakauye, Kenneth and Shamoian, Charles},
	year = {2000},
	month = {12},
	date = {2000-12},
	journal = {The American Journal of Geriatric Psychiatry},
	pages = {19--28},
	volume = {8},
	number = {1},
	doi = {10.1097/00019442-200002000-00003},
	url = {http://dx.doi.org/10.1097/00019442-200002000-00003},
	langid = {en}
}

@article{patterson1997,
	title = {SElf-reported social functioning among older patients with schizophrenia},
	author = {Patterson, Thomas L. and Semple, Shirley J. and Shaw, William S. and Halpain, Maureen and Moscona, Sherry and Grant, Igor and Jeste, Dilip V.},
	year = {1997},
	month = {10},
	date = {1997-10},
	journal = {Schizophrenia Research},
	pages = {199--210},
	volume = {27},
	number = {2-3},
	doi = {10.1016/s0920-9964(97)00078-9},
	url = {http://dx.doi.org/10.1016/S0920-9964(97)00078-9},
	langid = {en}
}

@article{sciolla2003,
	title = {Functioning and Well-Being of Middle-Aged and Older Patients With Schizophrenia: Measurement With the 36-Item Short-Form (SF-36) Health Survey},
	author = {Sciolla, A.},
	year = {2003},
	month = {12},
	date = {2003-12-01},
	journal = {American Journal of Geriatric Psychiatry},
	pages = {629--637},
	volume = {11},
	number = {6},
	doi = {10.1176/appi.ajgp.11.6.629},
	url = {http://dx.doi.org/10.1176/appi.ajgp.11.6.629},
	langid = {en}
}

@article{priebe2010,
	title = {Factors influencing subjective quality of life in patients with schizophrenia and other mental disorders: A pooled analysis},
	author = {Priebe, Stefan and Reininghaus, Ulrich and McCabe, Rosemarie and Burns, Tom and Eklund, Mona and Hansson, Lars and Junghan, Ulrich and Kallert, Thomas and van Nieuwenhuizen, Chijs and Ruggeri, Mirella and Slade, Mike and Wang, Duolao},
	year = {2010},
	month = {08},
	date = {2010-08},
	journal = {Schizophrenia Research},
	pages = {251--258},
	volume = {121},
	number = {1-3},
	doi = {10.1016/j.schres.2009.12.020},
	url = {http://dx.doi.org/10.1016/j.schres.2009.12.020},
	langid = {en}
}

@article{folsom2009,
	title = {Physical and mental health-related quality of life among older people with schizophrenia},
	author = {Folsom, David P. and Depp, Colin and Palmer, Barton W. and Mausbach, Brent T. and Golshan, Shahrokh and Fellows, Ian and Cardenas, Veronica and Patterson, Thomas L. and Kraemer, Helena C. and Jeste, Dilip V.},
	year = {2009},
	month = {03},
	date = {2009-03},
	journal = {Schizophrenia Research},
	pages = {207--213},
	volume = {108},
	number = {1-3},
	doi = {10.1016/j.schres.2008.12.008},
	url = {http://dx.doi.org/10.1016/j.schres.2008.12.008},
	langid = {en}
}

@article{thesoci1997,
	title = {The Social Networks of Older Schizophrenia Patients},
	author = {,  and Semple, Shirley J. and Patterson, Thomas L. and Shaw, William S. and Grant, Igor and Moscona, Sherry and Koch, William and Jeste, Dilip},
	year = {1997},
	month = {03},
	date = {1997-03},
	journal = {International Psychogeriatrics},
	pages = {81--94},
	volume = {9},
	number = {1},
	doi = {10.1017/s1041610297004237},
	url = {http://dx.doi.org/10.1017/s1041610297004237},
	langid = {en}
}

@article{weiler2000,
	title = {Insight and symptom change in schizophrenia and other disorders},
	author = {Weiler, Martin A. and Fleisher, Mark H. and McArthur-Campbell, Delores},
	year = {2000},
	month = {09},
	date = {2000-09},
	journal = {Schizophrenia Research},
	pages = {29--36},
	volume = {45},
	number = {1-2},
	doi = {10.1016/s0920-9964(99)00215-7},
	url = {http://dx.doi.org/10.1016/s0920-9964(99)00215-7},
	langid = {en}
}

@article{parellada2010,
	title = {Trait and State Attributes of Insight in First Episodes of Early-Onset Schizophrenia and Other Psychoses: A 2-Year Longitudinal Study},
	author = {Parellada, M. and Boada, L. and Fraguas, D. and Reig, S. and Castro-Fornieles, J. and Moreno, D. and Gonzalez-Pinto, A. and Otero, S. and Rapado-Castro, M. and Graell, M. and Baeza, I. and Arango, C.},
	year = {2010},
	month = {09},
	date = {2010-09-30},
	journal = {Schizophrenia Bulletin},
	pages = {38--51},
	volume = {37},
	number = {1},
	doi = {10.1093/schbul/sbq109},
	url = {http://dx.doi.org/10.1093/schbul/sbq109},
	langid = {en}
}

@article{gerretsen2014,
	title = {The effects of aging on insight into illness in schizophrenia: a review},
	author = {Gerretsen, Philip and Plitman, Eric and Rajji, Tarek K. and Graff-Guerrero, Ariel},
	year = {2014},
	month = {07},
	date = {2014-07-23},
	journal = {International Journal of Geriatric Psychiatry},
	pages = {1145--1161},
	volume = {29},
	number = {11},
	doi = {10.1002/gps.4154},
	url = {http://dx.doi.org/10.1002/gps.4154},
	langid = {en}
}

@article{davis1998,
	title = {Ventricular Enlargement in Poor-Outcome Schizophrenia},
	author = {Davis, Kenneth L and Buchsbaum, Monte S and Shihabuddin, Lina and Spiegel-Cohen, Jacqueline and Metzger, Michael and Frecska, Ede and Keefe, Richard S and Powchik, Peter},
	year = {1998},
	month = {06},
	date = {1998-06},
	journal = {Biological Psychiatry},
	pages = {783--793},
	volume = {43},
	number = {11},
	doi = {10.1016/s0006-3223(97)00553-2},
	url = {http://dx.doi.org/10.1016/S0006-3223(97)00553-2},
	langid = {en}
}

@article{gur1998,
	title = {A Follow-up Magnetic Resonance Imaging Study of Schizophrenia},
	author = {Gur, Raquel E. and Cowell, Patricia and Turetsky, Bruce I. and Gallacher, Fiona and Cannon, Tyrone and Bilker, Warren and Gur, Ruben C.},
	year = {1998},
	month = {02},
	date = {1998-02-01},
	journal = {Archives of General Psychiatry},
	pages = {145},
	volume = {55},
	number = {2},
	doi = {10.1001/archpsyc.55.2.145},
	url = {http://dx.doi.org/10.1001/archpsyc.55.2.145},
	langid = {en}
}

@article{harvey2003,
	title = {Cross-national cognitive assessment in schizophrenia clinical trials: a feasibility study},
	author = {Harvey, Philip D and Artiola i Fortuny, Lidia and Vester-Blockland, Estelle and De Smedt, Goedele},
	year = {2003},
	month = {02},
	date = {2003-02},
	journal = {Schizophrenia Research},
	pages = {243--251},
	volume = {59},
	number = {2-3},
	doi = {10.1016/s0920-9964(02)00153-6},
	url = {http://dx.doi.org/10.1016/S0920-9964(02)00153-6},
	langid = {en}
}

@article{vanharen2007,
	title = {Focal Gray Matter Changes in Schizophrenia across the Course of the Illness: A 5-Year Follow-Up Study},
	author = {van Haren, Neeltje E M and Hulshoff Pol, Hilleke E and Schnack, Hugo G and Cahn, Wiepke and Mandl, {Ren√© C W} and Collins, D Louis and Evans, Alan C and Kahn, {Ren√© S}},
	year = {2007},
	month = {02},
	date = {2007-02-28},
	journal = {Neuropsychopharmacology},
	pages = {2057--2066},
	volume = {32},
	number = {10},
	doi = {10.1038/sj.npp.1301347},
	url = {http://dx.doi.org/10.1038/sj.npp.1301347},
	langid = {en}
}

@article{vanharen2011,
	title = {Changes in Cortical Thickness During the Course of Illness in Schizophrenia},
	author = {van Haren, Neeltje E. M.},
	year = {2011},
	month = {09},
	date = {2011-09-01},
	journal = {Archives of General Psychiatry},
	pages = {871},
	volume = {68},
	number = {9},
	doi = {10.1001/archgenpsychiatry.2011.88},
	url = {http://dx.doi.org/10.1001/archgenpsychiatry.2011.88},
	langid = {en}
}

@article{boonstra2011,
	title = {Duration of untreated illness in schizophrenia is not associated with 5-year brain volume change},
	author = {Boonstra, Geartsje and Cahn, Wiepke and Schnack, Hugo G. and Hulshoff Pol, Hilleke E. and Minderhoud, Tanca C. and Kahn, {Ren√© S.} and van Haren, Neeltje E.M.},
	year = {2011},
	month = {10},
	date = {2011-10},
	journal = {Schizophrenia Research},
	pages = {84--90},
	volume = {132},
	number = {1},
	doi = {10.1016/j.schres.2011.07.018},
	url = {http://dx.doi.org/10.1016/j.schres.2011.07.018},
	langid = {en}
}
