
@article{Berrios1986,
	title = {Presbyophrenia: the rise and fall of a concept},
	author = {Berrios, G. E.},
	year = {1986},
	month = {05},
	date = {1986-05},
	journal = {Psychological Medicine},
	pages = {267--275},
	volume = {16},
	number = {2},
	doi = {10.1017/s0033291700009089},
	url = {http://dx.doi.org/10.1017/s0033291700009089},
	langid = {en}
}

@article{berrios2003,
	title = {The insanities of the third age: a conceptual history of paraphrenia},
	author = {Berrios, G. E.},
	year = {2003},
	date = {2003},
	journal = {The Journal of Nutrition, Health & Aging},
	pages = {394--399},
	volume = {7},
	number = {6},
	note = {PMID: 14625618},
	langid = {eng}
}

@article{ravindran1999,
	title = {Paraphrenia Redefined},
	author = {Ravindran, Arun V and Yatham, Lakshmi N and Munro, Alistair},
	year = {1999},
	month = {03},
	date = {1999-03},
	journal = {The Canadian Journal of Psychiatry},
	pages = {133--137},
	volume = {44},
	number = {2},
	doi = {10.1177/070674379904400202},
	url = {http://dx.doi.org/10.1177/070674379904400202},
	langid = {en}
}

@article{roth1955,
	title = {The Natural History of Mental Disorder in Old Age},
	author = {Roth, Martin},
	year = {1955},
	month = {04},
	date = {1955-04},
	journal = {Journal of Mental Science},
	pages = {281--301},
	volume = {101},
	number = {423},
	doi = {10.1192/bjp.101.423.281},
	url = {http://dx.doi.org/10.1192/bjp.101.423.281},
	langid = {en}
}

@article{Casanova2010,
	title = {The Pathology of Paraphrenia},
	author = {Casanova, Manuel F.},
	year = {2010},
	month = {03},
	date = {2010-03-24},
	journal = {Current Psychiatry Reports},
	pages = {196--201},
	volume = {12},
	number = {3},
	doi = {10.1007/s11920-010-0108-8},
	url = {http://dx.doi.org/10.1007/s11920-010-0108-8},
	langid = {en}
}

@article{Howard2000,
	title = {Late-Onset Schizophrenia and Very-Late-Onset Schizophrenia-Like Psychosis: An International Consensus},
	author = {Howard, R.},
	year = {2000},
	month = {02},
	date = {2000-02-01},
	journal = {American Journal of Psychiatry},
	pages = {172--178},
	volume = {157},
	number = {2},
	doi = {10.1176/appi.ajp.157.2.172},
	url = {http://dx.doi.org/10.1176/appi.ajp.157.2.172}
}

@article{howard1997,
	title = {Late paraphrenia revisited},
	author = {Howard, Robert and Rabins, Peter},
	year = {1997},
	month = {11},
	date = {1997-11},
	journal = {British Journal of Psychiatry},
	pages = {406--408},
	volume = {171},
	number = {5},
	doi = {10.1192/bjp.171.5.406},
	url = {http://dx.doi.org/10.1192/bjp.171.5.406},
	langid = {en}
}

@article{sachdev2015,
	title = {DSM-5 and Mental Disorders in Older Individuals},
	author = {Sachdev, Perminder S. and Mohan, Adith and Taylor, Lauren and Jeste, Dilip V.},
	year = {2015},
	month = {09},
	date = {2015-09},
	journal = {Harvard Review of Psychiatry},
	pages = {320--328},
	volume = {23},
	number = {5},
	doi = {10.1097/hrp.0000000000000090},
	url = {http://dx.doi.org/10.1097/HRP.0000000000000090},
	langid = {en}
}

@article{howard1993,
	title = {A Comparative Study of 470 Cases of Early-Onset and Late-Onset Schizophrenia},
	author = {Howard, Robert and Castle, David and Wessely, Simon and Murray, Robin},
	year = {1993},
	month = {09},
	date = {1993-09},
	journal = {British Journal of Psychiatry},
	pages = {352--357},
	volume = {163},
	number = {3},
	doi = {10.1192/bjp.163.3.352},
	url = {http://dx.doi.org/10.1192/bjp.163.3.352},
	langid = {en}
}

@article{vahia2010,
	title = {Is late-onset schizophrenia a subtype of schizophrenia?},
	author = {Vahia, I. V. and Palmer, B. W. and Depp, C. and Fellows, I. and Golshan, S. and Kraemer, H. C. and Jeste, D. V.},
	year = {2010},
	month = {02},
	date = {2010-02-25},
	journal = {Acta Psychiatrica Scandinavica},
	pages = {414--426},
	volume = {122},
	number = {5},
	doi = {10.1111/j.1600-0447.2010.01552.x},
	url = {http://dx.doi.org/10.1111/j.1600-0447.2010.01552.x},
	langid = {en}
}

@article{Rabins2000,
	title = {MRI findings differentiate between late-onset schizophrenia and late-life mood disorder},
	author = {Rabins, Peter V and Aylward, Elizabeth and Holroyd, Suzanne and Pearlson, Godfrey},
	year = {2000},
	date = {2000},
	journal = {International Journal of Geriatric Psychiatry},
	pages = {954--960},
	volume = {15},
	number = {10},
	doi = {10.1002/1099-1166(200010)15:10<954::aid-gps224>3.0.co;2-o},
	url = {http://dx.doi.org/10.1002/1099-1166(200010)15:10<954::aid-gps224>3.0.co;2-o},
	langid = {en}
}

@article{Barak2002,
	title = {VERY LATE-ONSET SCHIZOPHRENIA-LIKE PSYCHOSIS: CLINICAL AND IMAGING CHARACTERISTICS IN COMPARISON WITH ELDERLY PATIENTS WITH SCHIZOPHRENIA},
	author = {BARAK, YORAM and AIZENBERG, DOV and MIRECKI, ILONA and MAZEH, DORON and ACHIRON, ANAT},
	year = {2002},
	month = {11},
	date = {2002-11},
	journal = {The Journal of Nervous and Mental Disease},
	pages = {733--736},
	volume = {190},
	number = {11},
	doi = {10.1097/00005053-200211000-00002},
	url = {http://dx.doi.org/10.1097/00005053-200211000-00002},
	langid = {en}
}

@article{tonkonogy1999,
	title = {Late-onset paranoid psychosis as a distinct clinicopathologic entity: magnetic resonance imaging data in elderly patients with paranoid psychosis of late onset and schizophrenia of early onset},
	author = {Tonkonogy, J. M. and Geller, J. L.},
	year = {1999},
	month = {10},
	date = {1999-10},
	journal = {Neuropsychiatry, Neuropsychology, and Behavioral Neurology},
	pages = {230--235},
	volume = {12},
	number = {4},
	note = {PMID: 10527107},
	langid = {eng}
}

@article{turkiewicz2009,
	title = {Coexistência das síndromes de Capgras e Frégoli associadas à redução de volume frontotemporal e hiperintensidades em substância branca cerebral},
	author = {Turkiewicz, Gizela and Zanetti, Marcus Vinicius and Zung, Stevin and Cordeiro, Quirino},
	year = {2009},
	date = {2009},
	journal = {Archives of Clinical Psychiatry (São Paulo)},
	pages = {240--243},
	volume = {36},
	number = {6},
	doi = {10.1590/s0101-60832009000600004},
	url = {http://dx.doi.org/10.1590/S0101-60832009000600004},
	langid = {en}
}

@article{Brodaty2003,
	title = {Long-term outcome of late-onset schizophrenia: 5-year follow-up study},
	author = {Brodaty, Henry and Sachdev, Perminder and Koschera, Annette and Monk, Dorothy and Cullen, Breda},
	year = {2003},
	month = {09},
	date = {2003-09},
	journal = {British Journal of Psychiatry},
	pages = {213--219},
	volume = {183},
	number = {3},
	doi = {10.1192/bjp.183.3.213},
	url = {http://dx.doi.org/10.1192/bjp.183.3.213},
	langid = {en}
}

@article{palmer2001,
	title = {Schizophrenia in Late Life: Findings Challenge Traditional Concepts},
	author = {Palmer, Barton W. and McClure, Fauzia Simjee and Jeste, Dilip V.},
	year = {2001},
	month = {01},
	date = {2001-01},
	journal = {Harvard Review of Psychiatry},
	pages = {51--58},
	volume = {9},
	number = {2},
	doi = {10.1080/10673220127883},
	url = {http://dx.doi.org/10.1080/10673220127883},
	langid = {en}
}

@article{Kørner2009,
	title = {Late and very-late first-contact schizophrenia and the risk of dementia-a nationwide register based study},
	author = {{Kørner}, Alex and Lopez, Ana Garcia and Lauritzen, Lise and Andersen, Per Kragh and Kessing, Lars Vedel},
	year = {2009},
	month = {01},
	date = {2009-01},
	journal = {International Journal of Geriatric Psychiatry},
	pages = {61--67},
	volume = {24},
	number = {1},
	doi = {10.1002/gps.2075},
	url = {http://dx.doi.org/10.1002/gps.2075},
	langid = {en}
}

@article{kwak2015,
	title = {Late-Onset Psychosis; Is It Real?},
	author = {Kwak, Yong Tae and Yang, YoungSoon and Koo, Min-Seong},
	year = {2015},
	date = {2015},
	journal = {Dementia and Neurocognitive Disorders},
	pages = {1},
	volume = {14},
	number = {1},
	doi = {10.12779/dnd.2015.14.1.1},
	url = {http://dx.doi.org/10.12779/dnd.2015.14.1.1},
	langid = {en}
}

@article{cohen2018,
	title = {Very late-onset schizophrenia-like psychosis: positive findings but questions remain unanswered},
	author = {Cohen, Carl I},
	year = {2018},
	month = {07},
	date = {2018-07},
	journal = {The Lancet Psychiatry},
	pages = {528--529},
	volume = {5},
	number = {7},
	doi = {10.1016/s2215-0366(18)30174-3},
	url = {http://dx.doi.org/10.1016/S2215-0366(18)30174-3},
	langid = {en}
}

@article{song2014,
	title = {Semiological Differences between Late-life Schizophrenia andSenile Dementia},
	author = {Song, Min-Ho and Hamada, Hidemichi and Mimura, Masaru},
	year = {2014},
	date = {2014},
	journal = {The Keio Journal of Medicine},
	pages = {34--38},
	volume = {63},
	number = {2},
	doi = {10.2302/kjm.2012-0009-oa},
	url = {http://dx.doi.org/10.2302/kjm.2012-0009-oa},
	langid = {en}
}

@article{Hwang2003,
	title = {Phantom boarder symptom in dementia},
	author = {Hwang, Jen-Ping and Yang, Chen-Hong and Tsai, Shih-Jen},
	year = {2003},
	date = {2003},
	journal = {International Journal of Geriatric Psychiatry},
	pages = {417--420},
	volume = {18},
	number = {5},
	doi = {10.1002/gps.853},
	url = {http://dx.doi.org/10.1002/gps.853},
	langid = {en}
}

@article{ropacki2005,
	title = {Epidemiology of and Risk Factors for Psychosis of Alzheimer{\textquoteright}s Disease: A Review of 55 Studies Published From 1990 to 2003},
	author = {Ropacki, Susan A. and Jeste, Dilip V.},
	year = {2005},
	month = {11},
	date = {2005-11},
	journal = {American Journal of Psychiatry},
	pages = {2022--2030},
	volume = {162},
	number = {11},
	doi = {10.1176/appi.ajp.162.11.2022},
	url = {http://dx.doi.org/10.1176/appi.ajp.162.11.2022},
	langid = {en}
}

@article{jeste2000,
	title = {Psychosis of Alzheimer's Disease and Related Dementias: Diagnostic Criteria for a Distinct Syndrome},
	author = {Jeste, Dilip V. and Finkel, Sanford I.},
	year = {2000},
	month = {12},
	date = {2000-12},
	journal = {The American Journal of Geriatric Psychiatry},
	pages = {29--34},
	volume = {8},
	number = {1},
	doi = {10.1097/00019442-200002000-00004},
	url = {http://dx.doi.org/10.1097/00019442-200002000-00004},
	langid = {en}
}

@article{Murray2014,
	title = {Psychosis in Alzheimer{\textquoteright}s Disease},
	author = {Murray, Patrick S. and Kumar, Sanjeev and DeMichele-Sweet, Mary Ann A. and Sweet, Robert A.},
	year = {2014},
	month = {04},
	date = {2014-04},
	journal = {Biological Psychiatry},
	pages = {542--552},
	volume = {75},
	number = {7},
	doi = {10.1016/j.biopsych.2013.08.020},
	url = {http://dx.doi.org/10.1016/j.biopsych.2013.08.020},
	langid = {en}
}

@article{Morris1993,
	title = {The Consortium to Establish a Registry for Alzheimer's Disease (CERAD): Part IV. Rates of cognitive change in the longitudinal assessment of probable Alzheimer's disease},
	author = {Morris, J. C. and Edland, S. and Clark, C. and Galasko, D. and Koss, E. and Mohs, R. and van Belle, G. and Fillenbaum, G. and Heyman, A.},
	year = {1993},
	month = {12},
	date = {1993-12-01},
	journal = {Neurology},
	pages = {2457--2457},
	volume = {43},
	number = {12},
	doi = {10.1212/wnl.43.12.2457},
	url = {http://dx.doi.org/10.1212/wnl.43.12.2457},
	langid = {en}
}

@article{harvey1995,
	title = {The Longitudinal Stability of Cognitive Impairment in Schizophrenia},
	author = {Harvey, Philip D. and White, Leonard and Parrella, Michael and Putnam, Katherine M. and Kincaid, Margaret M. and Powchik, Peter and Mohs, Richard C. and Davidson, Michael},
	year = {1995},
	month = {05},
	date = {1995-05},
	journal = {British Journal of Psychiatry},
	pages = {630--633},
	volume = {166},
	number = {5},
	doi = {10.1192/bjp.166.5.630},
	url = {http://dx.doi.org/10.1192/bjp.166.5.630},
	langid = {en}
}

@article{cipriani2020,
	title = {Is that schizophrenia or frontotemporal dementia? Supporting clinicians in making the right diagnosis},
	author = {Cipriani, Gabriele and Danti, Sabrina and Nuti, Angelo and Di Fiorino, Mario and Cammisuli, Davide M.},
	year = {2020},
	month = {04},
	date = {2020-04-20},
	journal = {Acta Neurologica Belgica},
	pages = {799--804},
	volume = {120},
	number = {4},
	doi = {10.1007/s13760-020-01352-z},
	url = {http://dx.doi.org/10.1007/s13760-020-01352-z},
	langid = {en}
}

@article{weintraub2007,
	title = {Presentation and Management of Psychosis in Parkinson{\textquoteright}s Disease and Dementia With Lewy Bodies},
	author = {Weintraub, Daniel and Hurtig, Howard I.},
	year = {2007},
	month = {10},
	date = {2007-10},
	journal = {American Journal of Psychiatry},
	pages = {1491--1498},
	volume = {164},
	number = {10},
	doi = {10.1176/appi.ajp.2007.07040715},
	url = {http://dx.doi.org/10.1176/appi.ajp.2007.07040715},
	langid = {en}
}
