
@inbook{bartels2003,
	title = {Mental health policy and financing of services for older adults with severe mental illness},
	author = {Bartels, Stephen J. and Dums, Aricca R.},
	year = {2003},
	date = {2003},
	publisher = {American Psychiatric Publishing, Inc.},
	pages = {269--288},
	address = {Arlington, VA, US}
}

@article{theverm1987,
	title = {The Vermont longitudinal study of persons with severe mental illness, I: Methodology, study sample, and overall status 32 years later},
	year = {1987},
	month = {06},
	date = {1987-06},
	journal = {American Journal of Psychiatry},
	pages = {718--726},
	volume = {144},
	number = {6},
	doi = {10.1176/ajp.144.6.718},
	url = {http://dx.doi.org/10.1176/ajp.144.6.718},
	langid = {en}
}

@article{theverm1987a,
	title = {The Vermont longitudinal study of persons with severe mental illness, II: Long-term outcome of subjects who retrospectively met DSM-III criteria for schizophrenia},
	year = {1987},
	month = {06},
	date = {1987-06},
	journal = {American Journal of Psychiatry},
	pages = {727--735},
	volume = {144},
	number = {6},
	doi = {10.1176/ajp.144.6.727},
	url = {http://dx.doi.org/10.1176/ajp.144.6.727},
	langid = {en}
}

@article{gilmer2009,
	title = {Access to public mental health services among older adults with severe mental illness},
	author = {Gilmer, Todd P. and Ojeda, Victoria D. and Fuentes, Dahlia and Criado, Viviana and Garcia, Piedad},
	year = {2009},
	month = {03},
	date = {2009-03},
	journal = {International Journal of Geriatric Psychiatry},
	pages = {313--318},
	volume = {24},
	number = {3},
	doi = {10.1002/gps.2123},
	url = {http://dx.doi.org/10.1002/gps.2123},
	langid = {en}
}

@article{harding1988,
	title = {Course Types in Schizophrenia: An Analysis of European and American Studies},
	author = {Harding, C. M.},
	year = {1988},
	month = {01},
	date = {1988-01-01},
	journal = {Schizophrenia Bulletin},
	pages = {633--643},
	volume = {14},
	number = {4},
	doi = {10.1093/schbul/14.4.633},
	url = {http://dx.doi.org/10.1093/schbul/14.4.633},
	langid = {en}
}

@article{fuchs2014,
	title = {Adult Neuroplasticity: More Than 40 Years of Research},
	author = {Fuchs, Eberhard and {Flügge}, Gabriele},
	year = {2014},
	date = {2014},
	journal = {Neural Plasticity},
	pages = {1--10},
	volume = {2014},
	doi = {10.1155/2014/541870},
	url = {http://dx.doi.org/10.1155/2014/541870},
	langid = {en}
}

@article{andreasen2011,
	title = {Progressive Brain Change in Schizophrenia: A Prospective Longitudinal Study of First-Episode Schizophrenia},
	author = {Andreasen, Nancy C. and Nopoulos, Peg and Magnotta, Vincent and Pierson, Ronald and Ziebell, Steven and Ho, Beng-Choon},
	year = {2011},
	month = {10},
	date = {2011-10},
	journal = {Biological Psychiatry},
	pages = {672--679},
	volume = {70},
	number = {7},
	doi = {10.1016/j.biopsych.2011.05.017},
	url = {http://dx.doi.org/10.1016/j.biopsych.2011.05.017},
	langid = {en}
}

@article{shepherd2010,
	title = {Perspectives on Schizophrenia Over the Lifespan: A Qualitative Study},
	author = {Shepherd, S. and Depp, C. A. and Harris, G. and Halpain, M. and Palinkas, L. A. and Jeste, D. V.},
	year = {2010},
	month = {07},
	date = {2010-07-05},
	journal = {Schizophrenia Bulletin},
	pages = {295--303},
	volume = {38},
	number = {2},
	doi = {10.1093/schbul/sbq075},
	url = {http://dx.doi.org/10.1093/schbul/sbq075},
	langid = {en}
}

@article{cohen2011,
	title = {General coping strategies and their impact on quality of life in older adults with schizophrenia},
	author = {Cohen, Carl I. and Hassamal, Sameer K. and Begum, Nurun},
	year = {2011},
	month = {04},
	date = {2011-04},
	journal = {Schizophrenia Research},
	pages = {223--228},
	volume = {127},
	number = {1-3},
	doi = {10.1016/j.schres.2010.12.023},
	url = {http://dx.doi.org/10.1016/j.schres.2010.12.023},
	langid = {en}
}

@article{cohen2014,
	title = {Longitudinal Study of Remission Among Older Adults with Schizophrenia Spectrum Disorder},
	author = {Cohen, Carl I. and Iqbal, Mudassar},
	year = {2014},
	month = {05},
	date = {2014-05},
	journal = {The American Journal of Geriatric Psychiatry},
	pages = {450--458},
	volume = {22},
	number = {5},
	doi = {10.1016/j.jagp.2013.09.004},
	url = {http://dx.doi.org/10.1016/j.jagp.2013.09.004},
	langid = {en}
}

@article{twamley2012,
	title = {Compensatory Cognitive Training for Psychosis},
	author = {Twamley, Elizabeth W. and Vella, Lea and Burton, Cynthia Z. and Heaton, Robert K. and Jeste, Dilip V.},
	year = {2012},
	month = {08},
	date = {2012-08-07},
	journal = {The Journal of Clinical Psychiatry},
	pages = {1212--1219},
	volume = {73},
	number = {09},
	doi = {10.4088/jcp.12m07686},
	url = {http://dx.doi.org/10.4088/JCP.12m07686}
}

@article{granholm2013,
	title = {Randomized Controlled Trial of Cognitive Behavioral Social Skills Training for Older Consumers With Schizophrenia: Defeatist Performance Attitudes and Functional Outcome},
	author = {Granholm, Eric and Holden, Jason and Link, Peter C. and McQuaid, John R. and Jeste, Dilip V.},
	year = {2013},
	month = {03},
	date = {2013-03},
	journal = {The American Journal of Geriatric Psychiatry},
	pages = {251--262},
	volume = {21},
	number = {3},
	doi = {10.1016/j.jagp.2012.10.014},
	url = {http://dx.doi.org/10.1016/j.jagp.2012.10.014},
	langid = {en}
}

@article{bartels2014,
	title = {Long-Term Outcomes of a Randomized Trial of Integrated Skills Training and Preventive Healthcare for Older Adults with Serious Mental Illness},
	author = {Bartels, Stephen J. and Pratt, Sarah I. and Mueser, Kim T. and Forester, Brent P. and Wolfe, Rosemarie and Cather, Corinne and Xie, Haiyi and McHugo, Gregory J. and Bird, Bruce and Aschbrenner, Kelly A. and Naslund, John A. and Feldman, James},
	year = {2014},
	month = {11},
	date = {2014-11},
	journal = {The American Journal of Geriatric Psychiatry},
	pages = {1251--1261},
	volume = {22},
	number = {11},
	doi = {10.1016/j.jagp.2013.04.013},
	url = {http://dx.doi.org/10.1016/j.jagp.2013.04.013},
	langid = {en}
}

@article{khan2015,
	title = {Current Concepts in the Diagnosis and Treatment of Schizophrenia in Later Life},
	author = {Khan, Ahsan Y. and Redden, William and Ovais, Muhammad and Grossberg, George T.},
	year = {2015},
	month = {09},
	date = {2015-09-28},
	journal = {Current Geriatrics Reports},
	pages = {290--300},
	volume = {4},
	number = {4},
	doi = {10.1007/s13670-015-0149-2},
	url = {http://dx.doi.org/10.1007/s13670-015-0149-2},
	langid = {en}
}

@article{Perry1981,
	title = {Neurochemical activities in human temporal lobe related to aging and Alzheimer-type changes},
	author = {Perry, E.K. and Blessed, G. and Tomlinson, B.E. and Perry, R.H. and Crow, T.J. and Cross, A.J. and Dockray, G.J. and Dimaline, R. and Arregui, A.},
	year = {1981},
	month = {12},
	date = {1981-12},
	journal = {Neurobiology of Aging},
	pages = {251--256},
	volume = {2},
	number = {4},
	doi = {10.1016/0197-4580(81)90032-4},
	url = {http://dx.doi.org/10.1016/0197-4580(81)90032-4},
	langid = {en}
}

@article{Anyanwu2007,
	title = {Neurochemical Changes in the Aging Process: Implications in Medication in the Elderly},
	author = {Anyanwu, Ebere C.},
	year = {2007},
	date = {2007},
	journal = {The Scientific World JOURNAL},
	pages = {1603--1610},
	volume = {7},
	doi = {10.1100/tsw.2007.112},
	url = {http://dx.doi.org/10.1100/tsw.2007.112},
	langid = {en}
}

@article{jeste2000,
	title = {Tardive dyskinesia in older patients},
	author = {Jeste, D. V.},
	year = {2000},
	date = {2000},
	journal = {The Journal of Clinical Psychiatry},
	pages = {27--32},
	volume = {61 Suppl 4},
	note = {PMID: 10739328},
	langid = {eng}
}

@article{citrome2021,
	title = {Tardive Dyskinesia in Older Persons Taking Antipsychotics},
	author = {Citrome, Leslie and Isaacson, Stuart H and Larson, Danielle and Kremens, Daniel},
	year = {2021},
	month = {10},
	date = {2021-10},
	journal = {Neuropsychiatric Disease and Treatment},
	pages = {3127--3134},
	volume = {Volume 17},
	doi = {10.2147/ndt.s328301},
	url = {http://dx.doi.org/10.2147/NDT.S328301},
	langid = {en}
}

@article{Dzahini2018,
	title = {Antipsychotic drug use and pneumonia: Systematic review and meta-analysis},
	author = {Dzahini, O and Singh, N and Taylor, D and Haddad, PM},
	year = {2018},
	month = {10},
	date = {2018-10-18},
	journal = {Journal of Psychopharmacology},
	pages = {1167--1181},
	volume = {32},
	number = {11},
	doi = {10.1177/0269881118795333},
	url = {http://dx.doi.org/10.1177/0269881118795333},
	langid = {en}
}

@article{May2019,
	title = {The antipsychotic medication, risperidone, causes global immunosuppression in healthy mice},
	author = {May, Meghan and Beauchemin, Megan and Vary, Calvin and Barlow, Deborah and Houseknecht, Karen L.},
	editor = {De Luca, Vincenzo},
	year = {2019},
	month = {06},
	date = {2019-06-26},
	journal = {PLOS ONE},
	pages = {e0218937},
	volume = {14},
	number = {6},
	doi = {10.1371/journal.pone.0218937},
	url = {http://dx.doi.org/10.1371/journal.pone.0218937},
	langid = {en}
}

@article{May2020,
	title = {Antipsychotic-induced immune dysfunction: A consideration for COVID-19 risk},
	author = {May, Meghan and Slitzky, Matthew and Rostama, Bahman and Barlow, Deborah and Houseknecht, Karen L.},
	year = {2020},
	month = {07},
	date = {2020-07},
	journal = {Brain, Behavior, & Immunity - Health},
	pages = {100097},
	volume = {6},
	doi = {10.1016/j.bbih.2020.100097},
	url = {http://dx.doi.org/10.1016/j.bbih.2020.100097},
	langid = {en}
}

@article{jeong2021,
	title = {Challenges in Prescribing Clozapine in the Era of COVID-19: A Review Focused on Immunological Implications},
	author = {Jeong, Seong Hoon and Kim, Yong Sik},
	year = {2021},
	month = {08},
	date = {2021-08-31},
	journal = {Clinical Psychopharmacology and Neuroscience: The Official Scientific Journal of the Korean College of Neuropsychopharmacology},
	pages = {411--422},
	volume = {19},
	number = {3},
	doi = {10.9758/cpn.2021.19.3.411},
	note = {PMID: 34294611
PMCID: PMC8316651},
	langid = {eng}
}

@article{wang2017,
	title = {Association Between Antipsychotic Agents and Risk of Acute Respiratory Failure in Patients With Chronic Obstructive Pulmonary Disease},
	author = {Wang, Meng-Ting and Tsai, Chen-Liang and Lin, Chen Wei and Yeh, Chin-Bin and Wang, Yun-Han and Lin, Hui-Lan},
	year = {2017},
	month = {03},
	date = {2017-03-01},
	journal = {JAMA Psychiatry},
	pages = {252},
	volume = {74},
	number = {3},
	doi = {10.1001/jamapsychiatry.2016.3793},
	url = {http://dx.doi.org/10.1001/jamapsychiatry.2016.3793},
	langid = {en}
}

@article{López-Álvarez2019,
	title = {Anticholinergic Drugs in Geriatric Psychopharmacology},
	author = {{López-Álvarez}, Jorge and Sevilla-Llewellyn-Jones, Julia and {Agüera-Ortiz}, Luis},
	year = {2019},
	month = {12},
	date = {2019-12-06},
	journal = {Frontiers in Neuroscience},
	volume = {13},
	doi = {10.3389/fnins.2019.01309},
	url = {http://dx.doi.org/10.3389/fnins.2019.01309}
}

@article{Kurlan1988,
	title = {Drug-Induced Alzheimerism},
	author = {Kurlan, R. and Como, P.},
	year = {1988},
	month = {03},
	date = {1988-03-01},
	journal = {Archives of Neurology},
	pages = {356--357},
	volume = {45},
	number = {3},
	doi = {10.1001/archneur.1988.00520270138035},
	url = {http://dx.doi.org/10.1001/archneur.1988.00520270138035},
	langid = {en}
}

@article{Tune1982,
	title = {Serum levels of anticholinergic drugs and impaired recent memory in chronic schizophrenic patients},
	year = {1982},
	month = {11},
	date = {1982-11},
	journal = {American Journal of Psychiatry},
	pages = {1460--1462},
	volume = {139},
	number = {11},
	doi = {10.1176/ajp.139.11.1460},
	url = {http://dx.doi.org/10.1176/ajp.139.11.1460},
	langid = {en}
}

@article{Perlick1986,
	title = {Memory deficits and anticholinergic levels in chronic schizophrenia},
	year = {1986},
	month = {02},
	date = {1986-02},
	journal = {American Journal of Psychiatry},
	pages = {230--232},
	volume = {143},
	number = {2},
	doi = {10.1176/ajp.143.2.230},
	url = {http://dx.doi.org/10.1176/ajp.143.2.230},
	langid = {en}
}

@article{hennekens2005,
	title = {Schizophrenia and increased risks of cardiovascular disease},
	author = {Hennekens, Charles H. and Hennekens, Alissa R. and Hollar, Danielle and Casey, Daniel E.},
	year = {2005},
	month = {12},
	date = {2005-12},
	journal = {American Heart Journal},
	pages = {1115--1121},
	volume = {150},
	number = {6},
	doi = {10.1016/j.ahj.2005.02.007},
	url = {http://dx.doi.org/10.1016/j.ahj.2005.02.007},
	langid = {en}
}

@article{Buckley2000,
	title = {Cardiovascular Adverse Effects of Antipsychotic Drugs},
	author = {Buckley, Nicholas A. and Sanders, Prashanthan},
	year = {2000},
	date = {2000},
	journal = {Drug Safety},
	pages = {215--228},
	volume = {23},
	number = {3},
	doi = {10.2165/00002018-200023030-00004},
	url = {http://dx.doi.org/10.2165/00002018-200023030-00004},
	langid = {en}
}

@article{rubino2020,
	title = {Association of the US Food and Drug Administration Antipsychotic Drug Boxed Warning With Medication Use and Health Outcomes in Elderly Patients With Dementia},
	author = {Rubino, Annalisa and Sanon, Myrlene and Ganz, Michael L. and Simpson, Alex and Fenton, Miriam C. and Verma, Sumit and Hartry, Ann and Baker, Ross A. and Duffy, Ruth A. and Gwin, Keva and Fillit, Howard},
	year = {2020},
	month = {04},
	date = {2020-04-28},
	journal = {JAMA Network Open},
	pages = {e203630},
	volume = {3},
	number = {4},
	doi = {10.1001/jamanetworkopen.2020.3630},
	url = {http://dx.doi.org/10.1001/jamanetworkopen.2020.3630},
	langid = {en}
}

@article{madhusoodanan2001,
	title = {Use of Olanzapine for Elderly Patients With Psychotic Disorders: A Review},
	author = {Madhusoodanan, Subramoniam and Sinha, Sidhartha and Brenner, Ronald and Gupta, Sanjay and Bogunovic, Olivera},
	year = {2001},
	month = {12},
	date = {2001-12-01},
	journal = {Annals of Clinical Psychiatry},
	pages = {201--213},
	volume = {13},
	number = {4},
	doi = {10.3109/10401230109147384},
	url = {http://dx.doi.org/10.3109/10401230109147384},
	langid = {en}
}

@article{kohen2010,
	title = {Antipsychotic treatments for the elderly: efficacy and safety of aripiprazole},
	author = {Kohen, Izchak},
	year = {2010},
	month = {03},
	date = {2010-03},
	journal = {Neuropsychiatric Disease and Treatment},
	pages = {47},
	doi = {10.2147/ndt.s6411},
	url = {http://dx.doi.org/10.2147/ndt.s6411},
	langid = {en}
}

@article{alexopoulos2004,
	title = {Using antipsychotic agents in older patients},
	author = {Alexopoulos, George S. and Streim, Joel and Carpenter, Daniel and Docherty, John P. and Expert Consensus Panel for Using Antipsychotic Drugs in Older Patients, },
	year = {2004},
	date = {2004},
	journal = {The Journal of Clinical Psychiatry},
	volume = {65 Suppl 2},
	note = {PMID: 14994733},
	langid = {eng}
}

@article{tzimos2008,
	title = {Safety and Tolerability of Oral Paliperidone Extended-Release Tablets in Elderly Patients With Schizophrenia: A Double-Blind, Placebo-Controlled Study With Six-Month Open-Label Extension},
	author = {Tzimos, Andreas and Samokhvalov, Viktor and Kramer, Michelle and Ford, Lisa and Gassmann-Mayer, Cristiana and Lim, Pilar and Eerdekens, {Mariëlle}},
	year = {2008},
	month = {01},
	date = {2008-01},
	journal = {The American Journal of Geriatric Psychiatry},
	pages = {31--43},
	volume = {16},
	number = {1},
	doi = {10.1097/jgp.0b013e31815a3e7a},
	url = {http://dx.doi.org/10.1097/JGP.0b013e31815a3e7a},
	langid = {en}
}

@article{madhusoodanan2000,
	title = {Clinical Experience with Quetiapine in Elderly Patients with Psychotic Disorders},
	author = {Madhusoodanan, Subramoniam and Brenner, Ronald and Alcantra, Angel},
	year = {2000},
	month = {04},
	date = {2000-04},
	journal = {Journal of Geriatric Psychiatry and Neurology},
	pages = {28--32},
	volume = {13},
	number = {1},
	doi = {10.1177/089198870001300104},
	url = {http://dx.doi.org/10.1177/089198870001300104},
	langid = {en}
}

@article{Enger2004,
	title = {Serious Cardiovascular Events and Mortality Among Patients with Schizophrenia},
	author = {Enger, Cheryl and Weatherby, Lisa and Reynolds, Robert F. and Glasser, Dale B. and Walker, Alexander M.},
	year = {2004},
	month = {01},
	date = {2004-01},
	journal = {Journal of Nervous & Mental Disease},
	pages = {19--27},
	volume = {192},
	number = {1},
	doi = {10.1097/01.nmd.0000105996.62105.07},
	url = {http://dx.doi.org/10.1097/01.nmd.0000105996.62105.07},
	langid = {en}
}

@article{kheirbek2019,
	title = {Association Between Antipsychotics and All-Cause Mortality Among Community-Dwelling Older Adults},
	author = {Kheirbek, Raya Elfadel and Fokar, Ali and Little, John T and Balish, Marshall and Shara, Nawar M and Boustani, Malaz A and Llorente, Maria},
	editor = {Newman, Anne},
	year = {2019},
	month = {02},
	date = {2019-02-11},
	journal = {The Journals of Gerontology: Series A},
	pages = {1916--1921},
	volume = {74},
	number = {12},
	doi = {10.1093/gerona/glz045},
	url = {http://dx.doi.org/10.1093/gerona/glz045},
	langid = {en}
}

@article{Correll2017,
	title = {Prevalence, incidence and mortality from cardiovascular disease in patients with pooled and specific severe mental illness: a large-scale meta-analysis of 3,211,768 patients and 113,383,368 controls},
	author = {Correll, Christoph U. and Solmi, Marco and Veronese, Nicola and Bortolato, Beatrice and Rosson, Stella and Santonastaso, Paolo and Thapa-Chhetri, Nita and Fornaro, Michele and Gallicchio, Davide and Collantoni, Enrico and Pigato, Giorgio and Favaro, Angela and Monaco, Francesco and Kohler, Cristiano and Vancampfort, Davy and Ward, Philip B. and Gaughran, Fiona and Carvalho, {André F.} and Stubbs, Brendon},
	year = {2017},
	month = {05},
	date = {2017-05-12},
	journal = {World Psychiatry},
	pages = {163--180},
	volume = {16},
	number = {2},
	doi = {10.1002/wps.20420},
	url = {http://dx.doi.org/10.1002/wps.20420},
	langid = {en}
}

@article{taipale2018,
	title = {Antipsychotics and mortality in a nationwide cohort of 29,823 patients with schizophrenia},
	author = {Taipale, Heidi and Mittendorfer-Rutz, Ellenor and Alexanderson, Kristina and Majak, Maila and {Mehtälä}, Juha and Hoti, Fabian and Jedenius, Erik and Enkusson, Dana and Leval, Amy and Sermon, Jan and Tanskanen, Antti and Tiihonen, Jari},
	year = {2018},
	month = {07},
	date = {2018-07},
	journal = {Schizophrenia Research},
	pages = {274--280},
	volume = {197},
	doi = {10.1016/j.schres.2017.12.010},
	url = {http://dx.doi.org/10.1016/j.schres.2017.12.010},
	langid = {en}
}

@article{brown2010,
	title = {Twenty-five year mortality of a community cohort with
                        schizophrenia},
	author = {Brown, Steve and Kim, Miranda and Mitchell, Clemence and Inskip, Hazel},
	year = {2010},
	month = {02},
	date = {2010-02},
	journal = {British Journal of Psychiatry},
	pages = {116--121},
	volume = {196},
	number = {2},
	doi = {10.1192/bjp.bp.109.067512},
	url = {http://dx.doi.org/10.1192/bjp.bp.109.067512},
	langid = {en}
}

@article{lee2018,
	title = {A widening longevity gap between people with schizophrenia and general population: A literature review and call for action},
	author = {Lee, Ellen E. and Liu, Jinyuan and Tu, Xin and Palmer, Barton W. and Eyler, Lisa T. and Jeste, Dilip V.},
	year = {2018},
	month = {06},
	date = {2018-06},
	journal = {Schizophrenia Research},
	pages = {9--13},
	volume = {196},
	doi = {10.1016/j.schres.2017.09.005},
	url = {http://dx.doi.org/10.1016/j.schres.2017.09.005},
	langid = {en}
}

@article{olfson2015,
	title = {Premature Mortality Among Adults With Schizophrenia in the United States},
	author = {Olfson, Mark and Gerhard, Tobias and Huang, Cecilia and Crystal, Stephen and Stroup, T. Scott},
	year = {2015},
	month = {12},
	date = {2015-12-01},
	journal = {JAMA Psychiatry},
	pages = {1172},
	volume = {72},
	number = {12},
	doi = {10.1001/jamapsychiatry.2015.1737},
	url = {http://dx.doi.org/10.1001/jamapsychiatry.2015.1737},
	langid = {en}
}

@article{nguyen2017,
	title = {Systemic Biomarkers of Accelerated Aging in Schizophrenia: A Critical Review and Future Directions},
	author = {Nguyen, Tanya T and Eyler, Lisa T and Jeste, Dilip V},
	year = {2017},
	month = {07},
	date = {2017-07-04},
	journal = {Schizophrenia Bulletin},
	pages = {398--408},
	volume = {44},
	number = {2},
	doi = {10.1093/schbul/sbx069},
	url = {http://dx.doi.org/10.1093/schbul/sbx069},
	langid = {en}
}

@article{talaslahti2012,
	title = {Mortality and causes of death in older patients with schizophrenia},
	author = {Talaslahti, Tiina and Alanen, Hanna-Mari and Hakko, {Helinä} and Isohanni, Matti and {Häkkinen}, Unto and Leinonen, Esa},
	year = {2012},
	month = {01},
	date = {2012-01-17},
	journal = {International Journal of Geriatric Psychiatry},
	pages = {1131--1137},
	volume = {27},
	number = {11},
	doi = {10.1002/gps.2833},
	url = {http://dx.doi.org/10.1002/gps.2833},
	langid = {en}
}

@article{almeida2014,
	title = {Mortality among People with Severe Mental Disorders Who Reach Old Age: A Longitudinal Study of a Community-Representative Sample of 37892 Men},
	author = {Almeida, Osvaldo P. and Hankey, Graeme J. and Yeap, Bu B. and Golledge, Jonathan and Norman, Paul E. and Flicker, Leon},
	editor = {Clelland, James D.},
	year = {2014},
	month = {10},
	date = {2014-10-31},
	journal = {PLoS ONE},
	pages = {e111882},
	volume = {9},
	number = {10},
	doi = {10.1371/journal.pone.0111882},
	url = {http://dx.doi.org/10.1371/journal.pone.0111882},
	langid = {en}
}

@article{depp2006,
	title = {Definitions and Predictors of Successful Aging: A Comprehensive Review of Larger Quantitative Studies},
	author = {Depp, Colin A. and Jeste, Dilip V.},
	year = {2006},
	month = {01},
	date = {2006-01},
	journal = {The American Journal of Geriatric Psychiatry},
	pages = {6--20},
	volume = {14},
	number = {1},
	doi = {10.1097/01.jgp.0000192501.03069.bc},
	url = {http://dx.doi.org/10.1097/01.JGP.0000192501.03069.bc},
	langid = {en}
}

@article{harvey2012,
	title = {Predicting the severity of everyday functional disability in people with schizophrenia: cognitive deficits, functional capacity, symptoms, and health status},
	author = {Harvey, Philip D. and Strassnig, Martin},
	year = {2012},
	month = {06},
	date = {2012-06},
	journal = {World Psychiatry},
	pages = {73--79},
	volume = {11},
	number = {2},
	doi = {10.1016/j.wpsyc.2012.05.004},
	url = {http://dx.doi.org/10.1016/j.wpsyc.2012.05.004},
	langid = {en}
}

@article{loewenstein2012,
	title = {Age-Associated Differences in Cognitive Performance in Older Patients With Schizophrenia: A Comparison With Healthy Older Adults},
	author = {Loewenstein, David A. and Czaja, Sara J. and Bowie, Christopher R. and Harvey, Philip D.},
	year = {2012},
	month = {01},
	date = {2012-01},
	journal = {The American Journal of Geriatric Psychiatry},
	pages = {29--40},
	volume = {20},
	number = {1},
	doi = {10.1097/jgp.0b013e31823bc08c},
	url = {http://dx.doi.org/10.1097/JGP.0b013e31823bc08c},
	langid = {en}
}

@article{vahia2008,
	title = {Adequacy of Medical Treatment Among Older Persons With Schizophrenia},
	author = {Vahia, Ipsit V. and Diwan, Shilpa and Bankole, Azziza O. and Kehn, Michelle and Nurhussein, Mohammed and Ramirez, Paul and Cohen, Carl I.},
	year = {2008},
	month = {08},
	date = {2008-08},
	journal = {Psychiatric Services},
	pages = {853--859},
	volume = {59},
	number = {8},
	doi = {10.1176/ps.2008.59.8.853},
	url = {http://dx.doi.org/10.1176/ps.2008.59.8.853},
	langid = {en}
}

@article{Hodgson2010,
	title = {Review: Cancer and schizophrenia: is there a paradox?},
	author = {Hodgson, Richard and Wildgust, Hiram J and Bushe, Chris J},
	year = {2010},
	month = {10},
	date = {2010-10-05},
	journal = {Journal of Psychopharmacology},
	pages = {51--60},
	volume = {24},
	number = {4{\_}suppl},
	doi = {10.1177/1359786810385489},
	url = {http://dx.doi.org/10.1177/1359786810385489},
	langid = {en}
}

@article{Stein-Parbury2012,
	title = {Factors associated with good self-management in older adults with a schizophrenic disorder compared with older adults with physical illnesses},
	author = {STEIN-PARBURY, J. and GALLAGHER, R. and CHENOWETH, L. and LUSCOMBE, G. M.},
	year = {2011},
	month = {08},
	date = {2011-08-17},
	journal = {Journal of Psychiatric and Mental Health Nursing},
	pages = {146--153},
	volume = {19},
	number = {2},
	doi = {10.1111/j.1365-2850.2011.01767.x},
	url = {http://dx.doi.org/10.1111/j.1365-2850.2011.01767.x},
	langid = {en}
}

@article{leutwyler2014,
	title = {Association between schizophrenia symptoms and neurocognition on mobility in older adults with schizophrenia},
	author = {Leutwyler, H. and Hubbard, E. and Jeste, D. and Miller, B. and Vinogradov, S.},
	year = {2014},
	month = {04},
	date = {2014-04-04},
	journal = {Aging & Mental Health},
	pages = {1006--1012},
	volume = {18},
	number = {8},
	doi = {10.1080/13607863.2014.903467},
	url = {http://dx.doi.org/10.1080/13607863.2014.903467},
	langid = {en}
}

@article{leutwyler2013,
	title = {{\textquotedblleft}It{\textquoteright}s Good for Me{\textquotedblright}: Physical Activity in Older Adults with Schizophrenia},
	author = {Leutwyler, Heather and Hubbard, Erin M. and Slater, Margaret and Jeste, Dilip V.},
	year = {2013},
	month = {06},
	date = {2013-06-08},
	journal = {Community Mental Health Journal},
	pages = {75--80},
	volume = {50},
	number = {1},
	doi = {10.1007/s10597-013-9613-7},
	url = {http://dx.doi.org/10.1007/s10597-013-9613-7},
	langid = {en}
}

@article{tinetti1988,
	title = {Risk Factors for Falls among Elderly Persons Living in the Community},
	author = {Tinetti, Mary E. and Speechley, Mark and Ginter, Sandra F.},
	year = {1988},
	month = {12},
	date = {1988-12-29},
	journal = {New England Journal of Medicine},
	pages = {1701--1707},
	volume = {319},
	number = {26},
	doi = {10.1056/nejm198812293192604},
	url = {http://dx.doi.org/10.1056/NEJM198812293192604},
	langid = {en}
}

@article{gupta2007,
	title = {Orthostatic Hypotension in the Elderly: Diagnosis and Treatment},
	author = {Gupta, Vishal and Lipsitz, Lewis A.},
	year = {2007},
	month = {10},
	date = {2007-10},
	journal = {The American Journal of Medicine},
	pages = {841--847},
	volume = {120},
	number = {10},
	doi = {10.1016/j.amjmed.2007.02.023},
	url = {http://dx.doi.org/10.1016/j.amjmed.2007.02.023},
	langid = {en}
}

@article{ferinauli2021,
	title = {Effect of Antipsychotic Drugs and Orthostatic Hypotension on the Risk of Falling in Schizophrenic Patients},
	author = {Ferinauli, Ferinauli and Narulita, Sari and Hijriyati, Yoanita},
	year = {2021},
	month = {04},
	date = {2021-04-15},
	journal = {Journal of Public Health Research},
	pages = {jphr.2021.2184},
	volume = {10},
	number = {2},
	doi = {10.4081/jphr.2021.2184},
	url = {http://dx.doi.org/10.4081/jphr.2021.2184},
	langid = {en}
}

@article{Liu-Seifert2004,
	title = {Osteopenia Associated with Increased Prolactin and Aging in Psychiatric Patients Treated with Prolactin-Elevating Antipsychotics},
	author = {LIU-SEIFERT, HONG and KINON, BRUCE J. and AHL, JONNA and LAMBERSON, SHAW},
	year = {2004},
	month = {12},
	date = {2004-12},
	journal = {Annals of the New York Academy of Sciences},
	pages = {297--298},
	volume = {1032},
	number = {1},
	doi = {10.1196/annals.1314.044},
	url = {http://dx.doi.org/10.1196/annals.1314.044},
	langid = {en}
}

@article{Meyer2006,
	title = {Bone Mineral Density in Male Schizophrenia Patients: A Review},
	author = {Meyer, Jonathan M. and Lehman, David},
	year = {2006},
	month = {01},
	date = {2006-01},
	journal = {Annals of Clinical Psychiatry},
	pages = {43--48},
	volume = {18},
	number = {1},
	doi = {10.1080/10401230500464687},
	url = {http://dx.doi.org/10.1080/10401230500464687}
}

@article{incidenc1996,
	title = {Incidence of and risk factors for delirium among psychiatric inpatients},
	year = {1996},
	month = {07},
	date = {1996-07},
	journal = {Psychiatric Services},
	pages = {727--730},
	volume = {47},
	number = {7},
	doi = {10.1176/ps.47.7.727},
	url = {http://dx.doi.org/10.1176/ps.47.7.727},
	langid = {en}
}

@article{Kim2016,
	title = {The major risk factors for delirium in a clinical setting},
	author = {Lee, JungSun and Chung, SeockHoon and Joo, YeonHo and Kim, Harin},
	year = {2016},
	month = {07},
	date = {2016-07},
	journal = {Neuropsychiatric Disease and Treatment},
	pages = {1787--1793},
	volume = {Volume 12},
	doi = {10.2147/ndt.s112017},
	url = {http://dx.doi.org/10.2147/NDT.S112017},
	langid = {en}
}

@article{Fuller1996,
	title = {Clozapine-Induced Urinary Incontinence: Incidence and Treatment With Ephedrine},
	author = {Fuller, Matthew A. and Borovicka, Mary C. and Jaskiw, George E. and Simon, Michelle R. and Kwon, Kong and Konicki, P. Eric},
	year = {1996},
	month = {11},
	date = {1996-11-15},
	journal = {The Journal of Clinical Psychiatry},
	pages = {514--518},
	volume = {57},
	number = {11},
	doi = {10.4088/jcp.v57n1102},
	url = {http://dx.doi.org/10.4088/jcp.v57n1102}
}

@article{torre2005,
	title = {Urinary incontinence in schizophrenic patients treated with atypical antipsychotics: urodynamic findings and therapeutic perspectives},
	author = {Torre, Diletta La and {Isgrò}, Sandra and Muscatello, Maria Rosaria Anna and Magno, Carlo and Melloni, Darwin and Meduri, Mario},
	year = {2005},
	month = {01},
	date = {2005-01},
	journal = {International Journal of Psychiatry in Clinical Practice},
	pages = {116--119},
	volume = {9},
	number = {2},
	doi = {10.1080/13651500510018329},
	url = {http://dx.doi.org/10.1080/13651500510018329},
	langid = {en}
}

@article{brown2000,
	title = {Urinary Incontinence: Does it Increase Risk for Falls and Fractures?},
	author = {Brown, Jeanette S. and Vittinghoff, Eric and Wyman, Jean F. and Stone, Katie L. and Nevitt, Michael C. and Ensrud, Kristine E. and Grady, Deborah},
	year = {2000},
	month = {07},
	date = {2000-07},
	journal = {Journal of the American Geriatrics Society},
	pages = {721--725},
	volume = {48},
	number = {7},
	doi = {10.1111/j.1532-5415.2000.tb04744.x},
	url = {http://dx.doi.org/10.1111/j.1532-5415.2000.tb04744.x},
	langid = {en}
}

@article{Hsu2017,
	title = {Association between schizophrenia and urinary incontinence: A population-based study},
	author = {Hsu, Wen-Yu and Muo, Chih-Hsin and Ma, Szu-Pin and Kao, Chia-Hung},
	year = {2017},
	month = {02},
	date = {2017-02},
	journal = {Psychiatry Research},
	pages = {35--39},
	volume = {248},
	doi = {10.1016/j.psychres.2016.12.012},
	url = {http://dx.doi.org/10.1016/j.psychres.2016.12.012},
	langid = {en}
}

@article{kramer1999,
	title = {ECT in Elderly Patients With Schizophrenia},
	author = {Kramer, Barry Alan},
	year = {1999},
	month = {03},
	date = {1999-03},
	journal = {The American Journal of Geriatric Psychiatry},
	pages = {171--174},
	volume = {7},
	number = {2},
	doi = {10.1097/00019442-199905000-00012},
	url = {http://dx.doi.org/10.1097/00019442-199905000-00012},
	langid = {en}
}

@article{kumagaya2019,
	title = {Acute electroconvulsive therapy in the elderly with schizophrenia and schizoaffective disorder: a literature review},
	author = {Kumagaya, David and Halliday, Graeme},
	year = {2019},
	month = {03},
	date = {2019-03-28},
	journal = {Australasian Psychiatry},
	pages = {472--476},
	volume = {27},
	number = {5},
	doi = {10.1177/1039856219839470},
	url = {http://dx.doi.org/10.1177/1039856219839470},
	langid = {en}
}

@inbook{chanpattana2010,
	title = {Electroconvulsive Therapy for Treatment-Refractory Schizophrenia},
	author = {Chanpattana, Worrawat},
	year = {2010},
	date = {2010},
	publisher = {S. Karger AG},
	pages = {165--176},
	doi = {10.1159/000319815},
	url = {http://dx.doi.org/10.1159/000319815}
}

@article{Kumagaya2019,
	title = {Acute electroconvulsive therapy in the elderly with schizophrenia and schizoaffective disorder: A case series},
	author = {Kumagaya, David Yoshihito},
	year = {2019},
	month = {05},
	date = {2019-05-20},
	journal = {Asia-Pacific Psychiatry},
	volume = {11},
	number = {4},
	doi = {10.1111/appy.12361},
	url = {http://dx.doi.org/10.1111/appy.12361},
	langid = {en}
}

@article{meyer2018,
	title = {Electroconvulsive Therapy in Geriatric Psychiatry},
	author = {Meyer, Justin P. and Swetter, Samantha K. and Kellner, Charles H.},
	year = {2018},
	month = {03},
	date = {2018-03},
	journal = {Psychiatric Clinics of North America},
	pages = {79--93},
	volume = {41},
	number = {1},
	doi = {10.1016/j.psc.2017.10.007},
	url = {http://dx.doi.org/10.1016/j.psc.2017.10.007},
	langid = {en}
}
