
@article{luty2014,
	title = {Psychiatry and the dark side: eugenics, Nazi and Soviet psychiatry},
	author = {Luty, Jason},
	year = {2014},
	month = {01},
	date = {2014-01},
	journal = {Advances in Psychiatric Treatment},
	pages = {52--60},
	volume = {20},
	number = {1},
	doi = {10.1192/apt.bp.112.010330},
	url = {http://dx.doi.org/10.1192/apt.bp.112.010330},
	langid = {en}
}

@article{psychiat1998,
	title = {Psychiatry and Eugenics},
	year = {1998},
	month = {02},
	date = {1998-02-11},
	journal = {JAMA},
	pages = {477},
	volume = {279},
	number = {6},
	doi = {10.1001/jama.279.6.477-jbk0211-2-1},
	url = {http://dx.doi.org/10.1001/jama.279.6.477-JBK0211-2-1},
	langid = {en}
}

@article{Coverdale1993,
	title = {Respecting the Autonomy of Chronic Mentally Ill Women in Decisions About Contraception},
	author = {Coverdale, John H. and Bayer, Timothy L. and McCullough, Laurence B. and Chervenak, Frank A.},
	year = {1993},
	month = {07},
	date = {1993-07},
	journal = {Psychiatric Services},
	pages = {671--674},
	volume = {44},
	number = {7},
	doi = {10.1176/ps.44.7.671},
	url = {http://dx.doi.org/10.1176/ps.44.7.671},
	langid = {en}
}

@article{Shim2007,
	title = {Adjunctive Treatment With a Dopamine Partial Agonist, Aripiprazole, for Antipsychotic-Induced Hyperprolactinemia: A Placebo-Controlled Trial},
	author = {Shim, Joo-Cheol and Shin, Jae-Goo K. and Kelly, Deanna L. and Jung, Do-Un and Seo, Young-Soo and Liu, Kwang-Hyeon and Shon, Ji-Hong and Conley, Robert R.},
	year = {2007},
	month = {09},
	date = {2007-09},
	journal = {American Journal of Psychiatry},
	pages = {1404--1410},
	volume = {164},
	number = {9},
	doi = {10.1176/appi.ajp.2007.06071075},
	url = {http://dx.doi.org/10.1176/appi.ajp.2007.06071075},
	langid = {en}
}

@article{Ebdrup2014,
	title = {Assisted reproductive technology (ART) treatment in women with schizophrenia or related psychotic disorder: a national cohort study},
	author = {Ebdrup, Ninna H. and Assens, Maria and Hougaard, Charlotte O. and Pinborg, Anja and Hageman, Ida and Schmidt, Lone},
	year = {2014},
	month = {06},
	date = {2014-06},
	journal = {European Journal of Obstetrics & Gynecology and Reproductive Biology},
	pages = {115--120},
	volume = {177},
	doi = {10.1016/j.ejogrb.2014.03.013},
	url = {http://dx.doi.org/10.1016/j.ejogrb.2014.03.013},
	langid = {en}
}

@article{gonzález-rodríguez2020,
	title = {Women Undergoing Hormonal Treatments for Infertility: A Systematic Review on Psychopathology and Newly Diagnosed Mood and Psychotic Disorders},
	author = {{González-Rodríguez}, Alexandre and Cobo, {Jesús} and Soria, Virginia and Usall, Judith and Garcia-Rizo, Clemente and Bioque, Miquel and Monreal, {José Antonio} and Labad, Javier},
	year = {2020},
	month = {05},
	date = {2020-05-26},
	journal = {Frontiers in Psychiatry},
	volume = {11},
	doi = {10.3389/fpsyt.2020.00479},
	url = {http://dx.doi.org/10.3389/fpsyt.2020.00479}
}

@article{Siedentopf1997,
	title = {Clomiphene citrate as a possible cause of a psychotic reaction during infertility treatment},
	author = {Siedentopf, F. and Horstkamp, B. and Stief, G. and Kentenich, H.},
	year = {1997},
	month = {04},
	date = {1997-04-01},
	journal = {Human Reproduction},
	pages = {706--707},
	volume = {12},
	number = {4},
	doi = {10.1093/humrep/12.4.706},
	url = {http://dx.doi.org/10.1093/humrep/12.4.706},
	langid = {en}
}

@article{Kornfield2018,
	title = {Predictors and Patterns of Psychiatric Treatment Dropout During Pregnancy Among Low-Income Women},
	author = {Kornfield, Sara L. and Kang-Yi, Christina D. and Mandell, David S. and Epperson, C. Neill},
	year = {2017},
	month = {11},
	date = {2017-11-15},
	journal = {Maternal and Child Health Journal},
	pages = {226--236},
	volume = {22},
	number = {2},
	doi = {10.1007/s10995-017-2394-9},
	url = {http://dx.doi.org/10.1007/s10995-017-2394-9},
	langid = {en}
}

@article{Simoila2020,
	title = {Schizophrenia and pregnancy: a national register-based follow-up study among Finnish women born between 1965 and 1980},
	author = {Simoila, Laura and {Isometsä}, Erkki and Gissler, Mika and Suvisaari, Jaana and {Halmesmäki}, Erja and Lindberg, Nina},
	year = {2019},
	month = {02},
	date = {2019-02-14},
	journal = {Archives of Women's Mental Health},
	pages = {91--100},
	volume = {23},
	number = {1},
	doi = {10.1007/s00737-019-0948-0},
	url = {http://dx.doi.org/10.1007/s00737-019-0948-0},
	langid = {en}
}

@article{Habermann2013,
}

@article{lehman2004,
	title = {Practice guideline for the treatment of patients with schizophrenia, second edition},
	author = {Lehman, Anthony F. and Lieberman, Jeffrey A. and Dixon, Lisa B. and McGlashan, Thomas H. and Miller, Alexander L. and Perkins, Diana O. and Kreyenbuhl, Julie and American Psychiatric Association,  and Steering Committee on Practice Guidelines, },
	year = {2004},
	month = {02},
	date = {2004-02},
	journal = {The American Journal of Psychiatry},
	pages = {1--56},
	volume = {161},
	number = {2 Suppl},
	note = {PMID: 15000267},
	langid = {eng}
}

@article{Barnes2011,
	title = {Antipsychotic Polypharmacy in Schizophrenia},
	author = {Barnes, Thomas R.E. and Paton, Carol},
	year = {2011},
	month = {05},
	date = {2011-05},
	journal = {CNS Drugs},
	pages = {383--399},
	volume = {25},
	number = {5},
	doi = {10.2165/11587810-000000000-00000},
	url = {http://dx.doi.org/10.2165/11587810-000000000-00000},
	langid = {en}
}

@article{Hasan2015,
	title = {World Federation of Societies of Biological Psychiatry (WFSBP) Guidelines for Biological Treatment of Schizophrenia Part 3: Update 2015 Management of special circumstances: Depression, Suicidality, substance use disorders and pregnancy and lactation},
	author = {Hasan, Alkomiet and Falkai, Peter and Wobrock, Thomas and Lieberman, Jeffrey and {Glenthøj}, Birte and Gattaz, Wagner F. and Thibaut, Florence and {Möller}, {Hans-Jürgen} and , },
	year = {2015},
	month = {03},
	date = {2015-03-30},
	journal = {The World Journal of Biological Psychiatry},
	pages = {142--170},
	volume = {16},
	number = {3},
	doi = {10.3109/15622975.2015.1009163},
	url = {http://dx.doi.org/10.3109/15622975.2015.1009163},
	langid = {en}
}

@article{Sadler2017,
	title = {Establishing the Embryonic Axes: Prime Time for Teratogenic Insults},
	author = {Sadler, Thomas},
	year = {2017},
	month = {09},
	date = {2017-09-11},
	journal = {Journal of Cardiovascular Development and Disease},
	pages = {15},
	volume = {4},
	number = {3},
	doi = {10.3390/jcdd4030015},
	url = {http://dx.doi.org/10.3390/jcdd4030015},
	langid = {en}
}

@article{Galbally2020,
	title = {The association between gestational diabetes mellitus, antipsychotics and severe mental illness in pregnancy: A multicentre study},
	author = {Galbally, Megan and Frayne, Jacqueline and Watson, Stuart J. and Morgan, Vera and Snellen, Martien},
	year = {2019},
	month = {05},
	date = {2019-05-29},
	journal = {Australian and New Zealand Journal of Obstetrics and Gynaecology},
	pages = {63--69},
	volume = {60},
	number = {1},
	doi = {10.1111/ajo.12986},
	url = {http://dx.doi.org/10.1111/ajo.12986},
	langid = {en}
}

@article{Spinelli2009,
	title = {Postpartum Psychosis: Detection of Risk and Management},
	author = {Spinelli, Margaret G.},
	year = {2009},
	month = {04},
	date = {2009-04},
	journal = {American Journal of Psychiatry},
	pages = {405--408},
	volume = {166},
	number = {4},
	doi = {10.1176/appi.ajp.2008.08121899},
	url = {http://dx.doi.org/10.1176/appi.ajp.2008.08121899},
	langid = {en}
}

@inbook{milgrom2016,
	title = {Impact of Parental Psychiatric Illness on Infant Development},
	author = {Milgrom, Jeannette and Ericksen, Jennifer and Sved-Williams, Anne},
	year = {2016},
	date = {2016},
	publisher = {Springer International Publishing},
	pages = {47--78},
	doi = {10.1007/978-3-319-21557-0_4},
	url = {http://dx.doi.org/10.1007/978-3-319-21557-0_4}
}

@article{wan2008,
	title = {A review of mother{\textendash}child relational interventions and their usefulness for mothers with schizophrenia},
	author = {Wan, Ming Wai and Moulton, Steff and Abel, Kathryn M.},
	year = {2008},
	month = {05},
	date = {2008-05-21},
	journal = {Archives of Women's Mental Health},
	pages = {171--179},
	volume = {11},
	number = {3},
	doi = {10.1007/s00737-008-0010-0},
	url = {http://dx.doi.org/10.1007/s00737-008-0010-0},
	langid = {en}
}

@article{Mason2007,
	title = {CLIENTS WITH MENTAL ILLNESS AND THEIR CHILDREN: IMPLICATIONS FOR CLINICAL PRACTICE},
	author = {Mason, Carolyn and Subedi, Sree and Davis, Robert B.},
	year = {2007},
	month = {01},
	date = {2007-01},
	journal = {Issues in Mental Health Nursing},
	pages = {1105--1123},
	volume = {28},
	number = {10},
	doi = {10.1080/01612840701581214},
	url = {http://dx.doi.org/10.1080/01612840701581214},
	langid = {en}
}

@article{Anderson2009,
	title = {ECT in Pregnancy: A Review of the Literature From 1941 to 2007},
	author = {Anderson, Eric L. and Reti, Irving M.},
	year = {2009},
	month = {02},
	date = {2009-02},
	journal = {Psychosomatic Medicine},
	pages = {235--242},
	volume = {71},
	number = {2},
	doi = {10.1097/psy.0b013e318190d7ca},
	url = {http://dx.doi.org/10.1097/PSY.0b013e318190d7ca},
	langid = {en}
}

@article{Leiknes2015,
	title = {Electroconvulsive therapy during pregnancy: a systematic review of case studies},
	author = {Leiknes, Kari Ann and Cooke, Mary Jennifer and Jarosch-von Schweder, Lindy and Harboe, Ingrid and {Høie}, {Bjørg}},
	year = {2013},
	month = {11},
	date = {2013-11-24},
	journal = {Archives of Women's Mental Health},
	pages = {1--39},
	volume = {18},
	number = {1},
	doi = {10.1007/s00737-013-0389-0},
	url = {http://dx.doi.org/10.1007/s00737-013-0389-0},
	langid = {en}
}
