
@inbook{lawrence2022,
	title = {Physiology of Lactation},
	author = {Lawrence, Ruth A.},
	year = {2022},
	date = {2022},
	publisher = {Elsevier},
	pages = {58--92},
	doi = {10.1016/b978-0-323-68013-4.00003-1},
	url = {http://dx.doi.org/10.1016/B978-0-323-68013-4.00003-1}
}

@article{newton2004,
	title = {Breastmilk: The Gold Standard},
	author = {NEWTON, EDWARD R},
	year = {2004},
	month = {09},
	date = {2004-09},
	journal = {Clinical Obstetrics and Gynecology},
	pages = {632--642},
	volume = {47},
	number = {3},
	doi = {10.1097/01.grf.0000136184.19927.98},
	url = {http://dx.doi.org/10.1097/01.grf.0000136184.19927.98},
	langid = {en}
}

@inbook{spigset2015,
	title = {Safety of Psychotropic Drugs in Pregnancy and Breastfeeding},
	author = {Spigset, Olav and Nordeng, Hedvig},
	year = {2015},
	month = {12},
	date = {2015-12-08},
	publisher = {Springer International Publishing},
	pages = {299--319},
	doi = {10.1007/978-3-319-24741-0_15},
	url = {http://dx.doi.org/10.1007/978-3-319-24741-0_15}
}

@article{Yoshida1997,
	title = {Investigation of pharmacokinetics and of possible adverse effects in infants exposed to tricyclic antidepressants in breast-milk},
	author = {Yoshida, Keiko and Smith, Brian and Craggs, Michael and Channi Kumar, R},
	year = {1997},
	month = {05},
	date = {1997-05},
	journal = {Journal of Affective Disorders},
	pages = {225--237},
	volume = {43},
	number = {3},
	doi = {10.1016/s0165-0327(97)01433-x},
	url = {http://dx.doi.org/10.1016/s0165-0327(97)01433-x},
	langid = {en}
}

@book{hale2022,
	title = {Hale{\textquoteright}s Medications & Mothers{\textquoteright} Milk 2023: A Manual of Lactational Pharmacology},
	author = {Hale, Thomas W. and Krutsch, Kaytlin},
	year = {2022},
	month = {06},
	date = {2022-06-24},
	publisher = {Springer Publishing Company},
	edition = {20th edition},
	address = {New York, NY},
	langid = {English}
}

@article{dev1995adverse,
  title={Adverse event profile and safety of clozapine},
  author={Dev, VJ and Krupp, P},
  journal={Rev Contemp Pharmacother},
  volume={6},
  pages={197--208},
  year={1995}
}

@article{Mehta2017,
	title = {A review of the safety of clozapine during pregnancy and lactation},
	author = {Mehta, Taylor M. and Van Lieshout, Ryan J.},
	year = {2016},
	month = {10},
	date = {2016-10-04},
	journal = {Archives of Women's Mental Health},
	pages = {1--9},
	volume = {20},
	number = {1},
	doi = {10.1007/s00737-016-0670-0},
	url = {http://dx.doi.org/10.1007/s00737-016-0670-0},
	langid = {en}
}

@article{Shao2015,
	title = {Effects of Clozapine and other Atypical Antipsychotics on Infants Development Who Were Exposed to as Fetus: A Post-Hoc Analysis},
	author = {Shao, Ping and Ou, Jianjun and Peng, Mei and Zhao, Jingping and Chen, Jindong and Wu, Renrong},
	year = {2015},
	month = {04},
	date = {2015-04-24},
	journal = {PLOS ONE},
	pages = {e0123373},
	volume = {10},
	number = {4},
	doi = {10.1371/journal.pone.0123373},
	url = {http://dx.doi.org/10.1371/journal.pone.0123373},
	langid = {en}
}

@article{uguz2021,
	title = {A New Safety Scoring System for the Use of Psychotropic Drugs During Lactation},
	author = {Uguz, Faruk},
	year = {2021},
	month = {01},
	date = {2021-01},
	journal = {American Journal of Therapeutics},
	pages = {e118--e126},
	volume = {28},
	number = {1},
	doi = {10.1097/mjt.0000000000000909},
	url = {http://dx.doi.org/10.1097/MJT.0000000000000909},
	langid = {en}
}

@article{Misri2006,
	title = {Quetiapine Augmentation in Lactation},
	author = {Misri, Shaila and Corral, Maria and Wardrop, Andrea A. and Kendrick, Kristin},
	year = {2006},
	month = {10},
	date = {2006-10},
	journal = {Journal of Clinical Psychopharmacology},
	pages = {508--511},
	volume = {26},
	number = {5},
	doi = {10.1097/01.jcp.0000236656.70544.f3},
	url = {http://dx.doi.org/10.1097/01.jcp.0000236656.70544.f3},
	langid = {en}
}

@article{nordeng2014,
	title = {Transfer of Aripiprazole to Breast Milk},
	author = {Nordeng, Hedvig and Gjerdalen, Guri and Brede, {Wenche Rødseth} and Michelsen, Lisbeth Solem and Spigset, Olav},
	year = {2014},
	month = {02},
	date = {2014-02},
	journal = {Journal of Clinical Psychopharmacology},
	pages = {1},
	doi = {10.1097/jcp.0000000000000092},
	url = {http://dx.doi.org/10.1097/JCP.0000000000000092},
	langid = {en}
}

@article{klinger2013,
	title = {Antipsychotic drugs and breastfeeding},
	author = {Klinger, Gil and Stahl, Bracha and Fusar-Poli, Paolo and Merlob, Paul},
	year = {2013},
	month = {04},
	date = {2013-04},
	journal = {Pediatric endocrinology reviews: PER},
	pages = {308--317},
	volume = {10},
	number = {3},
	note = {PMID: 23724438},
	langid = {eng}
}

@article{Hasan2015,
	title = {World Federation of Societies of Biological Psychiatry (WFSBP) Guidelines for Biological Treatment of Schizophrenia Part 3: Update 2015 Management of special circumstances: Depression, Suicidality, substance use disorders and pregnancy and lactation},
	author = {Hasan, Alkomiet and Falkai, Peter and Wobrock, Thomas and Lieberman, Jeffrey and {Glenthøj}, Birte and Gattaz, Wagner F. and Thibaut, Florence and {Möller}, {Hans-Jürgen} and , },
	year = {2015},
	month = {03},
	date = {2015-03-30},
	journal = {The World Journal of Biological Psychiatry},
	pages = {142--170},
	volume = {16},
	number = {3},
	doi = {10.3109/15622975.2015.1009163},
	url = {http://dx.doi.org/10.3109/15622975.2015.1009163},
	langid = {en}
}

@article{Pearson1981,
	title = {Prevention of Thromboembolic Disease by Vitamin E},
	year = {1981},
	month = {07},
	date = {1981-07-16},
	journal = {New England Journal of Medicine},
	pages = {173--174},
	volume = {305},
	number = {3},
	doi = {10.1056/nejm198107163050322},
	url = {http://dx.doi.org/10.1056/NEJM198107163050322},
	langid = {en}
}

@article{olbrich1994,
	title = {[Drug treatment of schizophrenic psychoses in puerperium]},
	author = {Olbrich, H. M. and Martin, P.},
	year = {1994},
	month = {07},
	date = {1994-07},
	journal = {Der Nervenarzt},
	pages = {482--485},
	volume = {65},
	number = {7},
	note = {PMID: 7800093},
	langid = {ger}
}

@article{baezapertegaz2002,
	title = {Is cabergoline a better drug to inhibit lactation in patients with psychotic symptoms?},
	author = {Baeza Pertegaz, Inmaculada and Goikolea Alberdi, {José Manuel} and {Parellada Rodón}, Eduard},
	year = {2002},
	month = {01},
	date = {2002-01},
	journal = {Journal of psychiatry & neuroscience: JPN},
	pages = {54},
	volume = {27},
	number = {1},
	note = {PMID: 11836977
PMCID: PMC149796},
	langid = {eng}
}

@article{chang2008,
	title = {Cabergoline-induced psychotic exacerbation in schizophrenic patients},
	author = {Chang, Shen-Chieh and Chen, Chun-Hsin and Lu, Mong-Liang},
	year = {2008},
	month = {07},
	date = {2008-07},
	journal = {General Hospital Psychiatry},
	pages = {378--380},
	volume = {30},
	number = {4},
	doi = {10.1016/j.genhosppsych.2007.11.002},
	url = {http://dx.doi.org/10.1016/j.genhosppsych.2007.11.002},
	langid = {en}
}

@article{ring1999,
	title = {Fetal hepatic drug elimination},
	author = {Ring, John A. and Ghabrial, Hany and Ching, Michael S. and Smallwood, Richard A. and Morgan, Denis J.},
	year = {1999},
	month = {12},
	date = {1999-12},
	journal = {Pharmacology & Therapeutics},
	pages = {429--445},
	volume = {84},
	number = {3},
	doi = {10.1016/s0163-7258(99)00046-7},
	url = {http://dx.doi.org/10.1016/s0163-7258(99)00046-7},
	langid = {en}
}

@article{gow2001,
	title = {Neonatal Hepatic Drug Elimination},
	author = {Gow, Paul J. and Ghabrial, Hany and Smallwood, Richard A. and Morgan, Denis J. and Ching, Michael S.},
	year = {2001},
	month = {01},
	date = {2001-01},
	journal = {Pharmacology & Toxicology},
	pages = {3--15},
	volume = {88},
	number = {1},
	doi = {10.1034/j.1600-0773.2001.088001003.x},
	url = {http://dx.doi.org/10.1034/j.1600-0773.2001.088001003.x},
	langid = {en}
}

@article{levy1993,
	title = {Neonatal withdrawal syndrome: associated drugs and pharmacologic management},
	author = {Levy, M. and Spino, M.},
	year = {1993},
	month = {06},
	date = {1993-06},
	journal = {Pharmacotherapy},
	pages = {202--211},
	volume = {13},
	number = {3},
	note = {PMID: 8321734},
	langid = {eng}
}

@article{Kim2007,
	title = {Use of long-acting injectable risperidone before and throughout pregnancy in schizophrenia},
	author = {Kim, Sung-Wan and Kim, Ki-Min and Kim, Jae-Min and Shin, Il-Seon and Shin, Hee-Young and Yang, Su-Jin and Yoon, Jin-Sang},
	year = {2007},
	month = {03},
	date = {2007-03},
	journal = {Progress in Neuro-Psychopharmacology and Biological Psychiatry},
	pages = {543--545},
	volume = {31},
	number = {2},
	doi = {10.1016/j.pnpbp.2006.09.017},
	url = {http://dx.doi.org/10.1016/j.pnpbp.2006.09.017},
	langid = {en}
}

@article{Özdemir2015,
	title = {Paliperidone palmitate use in pregnancy in a woman with schizophrenia},
	author = {{Özdemir}, {Asl{\i} Karada{\u{g}}} and Pak, {{\c{S}}ima Ceren} and Canan, Fatih and {Geçici}, {Ömer} and {Kulo{\u{g}}lu}, Murat and {Gücer}, Mustafa Kadri},
	year = {2015},
	month = {01},
	date = {2015-01-21},
	journal = {Archives of Women's Mental Health},
	pages = {739--740},
	volume = {18},
	number = {5},
	doi = {10.1007/s00737-014-0496-6},
	url = {http://dx.doi.org/10.1007/s00737-014-0496-6},
	langid = {en}
}

@article{Zamora2017,
	title = {Use of Paliperidone Palmitate Throughout a Schizoaffective Disorder Patient{\textquoteright}s Gestation Period},
	author = {{Zamora Rodríguez}, F. and {Benítez Vega}, C. and {Sánchez-Waisen Hernández}, M. and {Guisado Macías}, J. and Vaz Leal, F.},
	year = {2016},
	month = {07},
	date = {2016-07-14},
	journal = {Pharmacopsychiatry},
	pages = {38--40},
	volume = {50},
	number = {01},
	doi = {10.1055/s-0042-110492},
	url = {http://dx.doi.org/10.1055/s-0042-110492},
	langid = {en}
}

@article{Fernández-Abascal2021,
	title = {Long-acting injectable aripiprazole in pregnant women with schizophrenia: a case-series report},
	author = {{Fernández-Abascal}, Blanca and Recio-Barbero, Maria and {Sáenz-Herrero}, Margarita and Segarra, Rafael},
	year = {2021},
	month = {01},
	date = {2021-01},
	journal = {Therapeutic Advances in Psychopharmacology},
	pages = {204512532199127},
	volume = {11},
	doi = {10.1177/2045125321991277},
	url = {http://dx.doi.org/10.1177/2045125321991277},
	langid = {en}
}

@article{Sit2006,
	title = {A Review of Postpartum Psychosis},
	author = {Sit, Dorothy and Rothschild, Anthony J. and Wisner, Katherine L.},
	year = {2006},
	month = {05},
	date = {2006-05},
	journal = {Journal of Women's Health},
	pages = {352--368},
	volume = {15},
	number = {4},
	doi = {10.1089/jwh.2006.15.352},
	url = {http://dx.doi.org/10.1089/jwh.2006.15.352},
	langid = {en}
}

@article{taylor2019,
	title = {Relapse in the first three months postpartum in women with history of serious mental illness},
	author = {Taylor, Clare L. and Stewart, Robert J. and Howard, Louise M.},
	year = {2019},
	month = {02},
	date = {2019-02},
	journal = {Schizophrenia Research},
	pages = {46--54},
	volume = {204},
	doi = {10.1016/j.schres.2018.07.037},
	url = {http://dx.doi.org/10.1016/j.schres.2018.07.037},
	langid = {en}
}

@article{wesseloo2016,
	title = {Risk of Postpartum Relapse in Bipolar Disorder and Postpartum Psychosis: A Systematic Review and Meta-Analysis},
	author = {Wesseloo, Richard and Kamperman, Astrid M. and Munk-Olsen, Trine and Pop, Victor J.M. and Kushner, Steven A. and Bergink, Veerle},
	year = {2016},
	month = {02},
	date = {2016-02},
	journal = {American Journal of Psychiatry},
	pages = {117--127},
	volume = {173},
	number = {2},
	doi = {10.1176/appi.ajp.2015.15010124},
	url = {http://dx.doi.org/10.1176/appi.ajp.2015.15010124},
	langid = {en}
}

@article{Nager2008,
	title = {Obstetric complications and postpartum psychosis: a follow-up study of 1.1 million first-time mothers between 1975 and 2003 in Sweden},
	author = {Nager, A. and Sundquist, K. and {Ramírez-León}, V. and Johansson, L. M.},
	year = {2007},
	month = {10},
	date = {2007-10-17},
	journal = {Acta Psychiatrica Scandinavica},
	pages = {071018033353005--???},
	volume = {0},
	number = {0},
	doi = {10.1111/j.1600-0447.2007.01096.x},
	url = {http://dx.doi.org/10.1111/j.1600-0447.2007.01096.x},
	langid = {en}
}

@article{Garfield2004,
	title = {Outcome of postpartum disorders: a 10{\hspace{1em}}year follow-up of hospital admissions},
	author = {Garfield, P. and Kent, A. and Paykel, E. S. and Creighton, F. J. and Jacobson, R. R.},
	year = {2004},
	month = {06},
	date = {2004-06},
	journal = {Acta Psychiatrica Scandinavica},
	pages = {434--439},
	volume = {109},
	number = {6},
	doi = {10.1111/j.1600-0047.2004.00267.x},
	url = {http://dx.doi.org/10.1111/j.1600-0047.2004.00267.x},
	langid = {en}
}

@inbook{cantwell2016,
	title = {Maternal Perinatal Psychopathology: Overview},
	author = {Cantwell, Roch},
	year = {2016},
	date = {2016},
	publisher = {Springer International Publishing},
	pages = {13--24},
	doi = {10.1007/978-3-319-21557-0_2},
	url = {http://dx.doi.org/10.1007/978-3-319-21557-0_2}
}

@article{Videbech1995,
	title = {First admission with puerperal psychosis: 7?14 years of follow-up},
	author = {Videbech, P. and Gouliaev, G.},
	year = {1995},
	month = {03},
	date = {1995-03},
	journal = {Acta Psychiatrica Scandinavica},
	pages = {167--173},
	volume = {91},
	number = {3},
	doi = {10.1111/j.1600-0447.1995.tb09761.x},
	url = {http://dx.doi.org/10.1111/j.1600-0447.1995.tb09761.x},
	langid = {en}
}

@article{Wilkinson2008,
	title = {{\textquoteleft}I'm not an outsider, I'm his mother!{\textquoteright} A phenomenological enquiry into carer experiences of exclusion from acute psychiatric settings},
	author = {Wilkinson, Claire and McAndrew, Sue},
	year = {2008},
	month = {10},
	date = {2008-10-27},
	journal = {International Journal of Mental Health Nursing},
	pages = {392--401},
	volume = {17},
	number = {6},
	doi = {10.1111/j.1447-0349.2008.00574.x},
	url = {http://dx.doi.org/10.1111/j.1447-0349.2008.00574.x},
	langid = {en}
}

@article{Ewertzon2010,
	title = {Family members' involvement in psychiatric care: experiences of the healthcare professionals' approach and feeling of alienation},
	author = {EWERTZON, M. and {LÜTZÉN}, K. and SVENSSON, E. and ANDERSHED, B.},
	year = {2010},
	month = {01},
	date = {2010-01-04},
	journal = {Journal of Psychiatric and Mental Health Nursing},
	pages = {422--432},
	volume = {17},
	number = {5},
	doi = {10.1111/j.1365-2850.2009.01539.x},
	url = {http://dx.doi.org/10.1111/j.1365-2850.2009.01539.x},
	langid = {en}
}

@article{Ewertzon2011,
	title = {Family member's expectation of the psychiatric healthcare professionals' approach towards them},
	author = {EWERTZON, M. and ANDERSHED, B. and SVENSSON, E. and {LÜTZÉN}, K.},
	year = {2010},
	month = {10},
	date = {2010-10-15},
	journal = {Journal of Psychiatric and Mental Health Nursing},
	pages = {146--157},
	volume = {18},
	number = {2},
	doi = {10.1111/j.1365-2850.2010.01647.x},
	url = {http://dx.doi.org/10.1111/j.1365-2850.2010.01647.x},
	langid = {en}
}

@article{McNeil1988,
	title = {Women with nonorganic psychosis: psychiatric and demographic characteristics of cases with versus without postpartum psychotic episodes},
	author = {McNeil, T. F.},
	year = {1988},
	month = {11},
	date = {1988-11},
	journal = {Acta Psychiatrica Scandinavica},
	pages = {603--609},
	volume = {78},
	number = {5},
	doi = {10.1111/j.1600-0447.1988.tb06391.x},
	url = {http://dx.doi.org/10.1111/j.1600-0447.1988.tb06391.x},
	langid = {en}
}

@article{Kendell1987,
	title = {Epidemiology of Puerperal Psychoses},
	author = {Kendell, R. E. and Chalmers, J. C. and Platz, C.},
	year = {1987},
	month = {05},
	date = {1987-05},
	journal = {British Journal of Psychiatry},
	pages = {662--673},
	volume = {150},
	number = {5},
	doi = {10.1192/bjp.150.5.662},
	url = {http://dx.doi.org/10.1192/bjp.150.5.662},
	langid = {en}
}

@article{oates2003,
	title = {Suicide: the leading cause of maternal death},
	author = {Oates, Margaret},
	year = {2003},
	month = {10},
	date = {2003-10},
	journal = {British Journal of Psychiatry},
	pages = {279--281},
	volume = {183},
	number = {4},
	doi = {10.1192/bjp.183.4.279},
	url = {http://dx.doi.org/10.1192/bjp.183.4.279},
	langid = {en}
}

@article{oates2003a,
	title = {Perinatal psychiatric disorders: a leading cause of maternal morbidity and mortality},
	author = {Oates, Margaret},
	year = {2003},
	month = {12},
	date = {2003-12-01},
	journal = {British Medical Bulletin},
	pages = {219--229},
	volume = {67},
	number = {1},
	doi = {10.1093/bmb/ldg011},
	url = {http://dx.doi.org/10.1093/bmb/ldg011},
	langid = {en}
}

@article{Jones2001,
	title = {Familiality of the Puerperal Trigger in Bipolar Disorder: Results of a Family Study},
	author = {Jones, Ian and Craddock, Nick},
	year = {2001},
	month = {06},
	date = {2001-06},
	journal = {American Journal of Psychiatry},
	pages = {913--917},
	volume = {158},
	number = {6},
	doi = {10.1176/appi.ajp.158.6.913},
	url = {http://dx.doi.org/10.1176/appi.ajp.158.6.913},
	langid = {en}
}

@article{Wieck1991,
	title = {Increased sensitivity of dopamine receptors and recurrence of affective psychosis after childbirth.},
	author = {Wieck, A and Kumar, R and Hirst, A D and Marks, M N and Campbell, I C and Checkley, S A},
	year = {1991},
	month = {09},
	date = {1991-09-14},
	journal = {BMJ},
	pages = {613--616},
	volume = {303},
	number = {6803},
	doi = {10.1136/bmj.303.6803.613},
	url = {http://dx.doi.org/10.1136/bmj.303.6803.613},
	langid = {en}
}

@article{balaraman2011,
	title = {Hormonal replacement therapy in postpartum affective disorders},
	author = {Balaraman, Yokesh and Schmetzer, Alan D.},
	year = {2011},
	month = {02},
	date = {2011-02},
	journal = {Annals of Clinical Psychiatry: Official Journal of the American Academy of Clinical Psychiatrists},
	pages = {71--72},
	volume = {23},
	number = {1},
	note = {PMID: 21318198},
	langid = {eng}
}

@article{Quilter2007,
	title = {Porcine maternal infanticide as a model for puerperal psychosis},
	author = {Quilter, Claire R. and Blott, Sarah C. and Wilson, Anna E. and Bagga, Meenakshi R. and Sargent, Carole A. and Oliver, Gina L. and Southwood, Olwen I. and Gilbert, Colin L. and Mileham, Alan and Affara, Nabeel A.},
	year = {2007},
	month = {05},
	date = {2007-05-14},
	journal = {American Journal of Medical Genetics Part B: Neuropsychiatric Genetics},
	pages = {862--868},
	volume = {144B},
	number = {7},
	doi = {10.1002/ajmg.b.30529},
	url = {http://dx.doi.org/10.1002/ajmg.b.30529},
	langid = {en}
}

@article{Humby2016,
	title = {A pharmacological mouse model suggests a novel risk pathway for postpartum psychosis},
	author = {Humby, Trevor and Cross, Ellen S. and Messer, Lauren and Guerrero, Silvia and Davies, William},
	year = {2016},
	month = {12},
	date = {2016-12},
	journal = {Psychoneuroendocrinology},
	pages = {363--370},
	volume = {74},
	doi = {10.1016/j.psyneuen.2016.09.019},
	url = {http://dx.doi.org/10.1016/j.psyneuen.2016.09.019},
	langid = {en}
}

@article{Cavenagh2019,
	title = {Behavioural and psychiatric phenotypes in female carriers of genetic mutations associated with X-linked ichthyosis},
	author = {Cavenagh, Alice and Chatterjee, Sohini and Davies, William},
	editor = {Medland, Sarah E.},
	year = {2019},
	month = {02},
	date = {2019-02-15},
	journal = {PLOS ONE},
	pages = {e0212330},
	volume = {14},
	number = {2},
	doi = {10.1371/journal.pone.0212330},
	url = {http://dx.doi.org/10.1371/journal.pone.0212330},
	langid = {en}
}

@article{Davies2019,
	title = {An Analysis of Cellular Communication Network Factor Proteins as Candidate Mediators of Postpartum Psychosis Risk},
	author = {Davies, William},
	year = {2019},
	month = {11},
	date = {2019-11-26},
	journal = {Frontiers in Psychiatry},
	volume = {10},
	doi = {10.3389/fpsyt.2019.00876},
	url = {http://dx.doi.org/10.3389/fpsyt.2019.00876}
}

@article{Thippeswamy2021,
}

@article{Spinelli2009,
	title = {Postpartum Psychosis: Detection of Risk and Management},
	author = {Spinelli, Margaret G.},
	year = {2009},
	month = {04},
	date = {2009-04},
	journal = {American Journal of Psychiatry},
	pages = {405--408},
	volume = {166},
	number = {4},
	doi = {10.1176/appi.ajp.2008.08121899},
	url = {http://dx.doi.org/10.1176/appi.ajp.2008.08121899},
	langid = {en}
}
