
@article{kulkarni2015,
	title = {Antipsychotic use in pregnancy},
	author = {Kulkarni, Jayashri and Storch, Adele and Baraniuk, Analin and Gilbert, Heather and Gavrilidis, Emmy and Worsley, Roisin},
	year = {2015},
	month = {05},
	date = {2015-05-22},
	journal = {Expert Opinion on Pharmacotherapy},
	pages = {1335--1345},
	volume = {16},
	number = {9},
	doi = {10.1517/14656566.2015.1041501},
	url = {http://dx.doi.org/10.1517/14656566.2015.1041501},
	langid = {en}
}

@article{howard2005,
	title = {Fertility and pregnancy in women with psychotic disorders},
	author = {Howard, Louise M},
	year = {2005},
	month = {03},
	date = {2005-03},
	journal = {European Journal of Obstetrics & Gynecology and Reproductive Biology},
	pages = {3--10},
	volume = {119},
	number = {1},
	doi = {10.1016/j.ejogrb.2004.06.026},
	url = {http://dx.doi.org/10.1016/j.ejogrb.2004.06.026},
	langid = {en}
}

@article{vigod2012,
	title = {Temporal trends in general and age-specific fertility rates among women with schizophrenia (1996{\textendash}2009): A population-based study in Ontario, Canada},
	author = {Vigod, Simone N. and Seeman, Mary V. and Ray, Joel G. and Anderson, Geoffrey M. and Dennis, Cindy Lee and Grigoriadis, Sophie and Gruneir, Andrea and Kurdyak, Paul A. and Rochon, Paula A.},
	year = {2012},
	month = {08},
	date = {2012-08},
	journal = {Schizophrenia Research},
	pages = {169--175},
	volume = {139},
	number = {1-3},
	doi = {10.1016/j.schres.2012.05.010},
	url = {http://dx.doi.org/10.1016/j.schres.2012.05.010},
	langid = {en}
}

@article{sexualit1996,
	title = {Sexuality, pregnancy, and childrearing among women with schizophrenia- spectrum disorders},
	year = {1996},
	month = {05},
	date = {1996-05},
	journal = {Psychiatric Services},
	pages = {502--506},
	volume = {47},
	number = {5},
	doi = {10.1176/ps.47.5.502},
	url = {http://dx.doi.org/10.1176/ps.47.5.502},
	langid = {en}
}

@article{matevosyan2009,
	title = {Reproductive Health in Women with Serious Mental Illnesses: A Review},
	author = {Matevosyan, Naira R.},
	year = {2009},
	month = {03},
	date = {2009-03-24},
	journal = {Sexuality and Disability},
	pages = {109--118},
	volume = {27},
	number = {2},
	doi = {10.1007/s11195-009-9114-3},
	url = {http://dx.doi.org/10.1007/s11195-009-9114-3},
	langid = {en}
}

@article{kelly2004,
	title = {Sexuality and Schizophrenia: A Review},
	author = {Kelly, D. L. and Conley, R. R.},
	year = {2004},
	month = {01},
	date = {2004-01-01},
	journal = {Schizophrenia Bulletin},
	pages = {767--779},
	volume = {30},
	number = {4},
	doi = {10.1093/oxfordjournals.schbul.a007130},
	url = {http://dx.doi.org/10.1093/oxfordjournals.schbul.a007130},
	langid = {en}
}

@article{quinn2011,
	title = {Talking or avoiding? Mental health nurses' views about discussing sexual health with consumers},
	author = {Quinn, Chris and Happell, Brenda and Browne, Graeme},
	year = {2011},
	month = {01},
	date = {2011-01-04},
	journal = {International Journal of Mental Health Nursing},
	pages = {21--28},
	volume = {20},
	number = {1},
	doi = {10.1111/j.1447-0349.2010.00705.x},
	url = {http://dx.doi.org/10.1111/j.1447-0349.2010.00705.x},
	langid = {en}
}

@article{seeman2011,
	title = {Prescribing Contraceptives for Women with Schizophrenia},
	author = {Seeman, Mary V. and Ross, Ruth},
	year = {2011},
	month = {07},
	date = {2011-07},
	journal = {Journal of Psychiatric Practice},
	pages = {258--269},
	volume = {17},
	number = {4},
	doi = {10.1097/01.pra.0000400263.52913.dc},
	url = {http://dx.doi.org/10.1097/01.pra.0000400263.52913.dc},
	langid = {en}
}

@article{mcneil1984,
	title = {Women with nonorganic psychosis: factors associated with pregnancy's effect on mental health},
	author = {McNeil, T. F. and Kaij, L. and Malmquist-Larsson, A.},
	year = {1984},
	month = {09},
	date = {1984-09},
	journal = {Acta Psychiatrica Scandinavica},
	pages = {209--219},
	volume = {70},
	number = {3},
	doi = {10.1111/j.1600-0447.1984.tb01200.x},
	url = {http://dx.doi.org/10.1111/j.1600-0447.1984.tb01200.x},
	langid = {en}
}

@article{pharmaco1996,
	title = {Pharmacologic management of psychiatric illness during pregnancy: dilemmas and guidelines},
	year = {1996},
	month = {05},
	date = {1996-05},
	journal = {American Journal of Psychiatry},
	pages = {592--606},
	volume = {153},
	number = {5},
	doi = {10.1176/ajp.153.5.592},
	url = {http://dx.doi.org/10.1176/ajp.153.5.592},
	langid = {en}
}

@article{kendell1987,
	title = {Epidemiology of Puerperal Psychoses},
	author = {Kendell, R. E. and Chalmers, J. C. and Platz, C.},
	year = {1987},
	month = {05},
	date = {1987-05},
	journal = {British Journal of Psychiatry},
	pages = {662--673},
	volume = {150},
	number = {5},
	doi = {10.1192/bjp.150.5.662},
	url = {http://dx.doi.org/10.1192/bjp.150.5.662},
	langid = {en}
}

@article{munk-olsen2006,
	title = {New Parents and Mental Disorders},
	author = {Munk-Olsen, Trine and Laursen, Thomas Munk and Pedersen, {Carsten Bøcker} and Mors, Ole and Mortensen, Preben Bo},
	year = {2006},
	month = {12},
	date = {2006-12-06},
	journal = {JAMA},
	pages = {2582},
	volume = {296},
	number = {21},
	doi = {10.1001/jama.296.21.2582},
	url = {http://dx.doi.org/10.1001/jama.296.21.2582},
	langid = {en}
}

@article{howard2004,
	title = {Predictors of parenting outcome in women with psychotic disorders discharged from mother and baby units},
	author = {Howard, L. M. and Thornicroft, G. and Salmon, M. and Appleby, L.},
	year = {2004},
	month = {11},
	date = {2004-11},
	journal = {Acta Psychiatrica Scandinavica},
	pages = {347--355},
	volume = {110},
	number = {5},
	doi = {10.1111/j.1600-0447.2004.00375.x},
	url = {http://dx.doi.org/10.1111/j.1600-0447.2004.00375.x},
	langid = {en}
}

@article{taylor2019,
	title = {Relapse in the first three months postpartum in women with history of serious mental illness},
	author = {Taylor, Clare L. and Stewart, Robert J. and Howard, Louise M.},
	year = {2019},
	month = {02},
	date = {2019-02},
	journal = {Schizophrenia Research},
	pages = {46--54},
	volume = {204},
	doi = {10.1016/j.schres.2018.07.037},
	url = {http://dx.doi.org/10.1016/j.schres.2018.07.037},
	langid = {en}
}

@inbook{cantwell2016,
	title = {Maternal Perinatal Psychopathology: Overview},
	author = {Cantwell, Roch},
	year = {2016},
	date = {2016},
	publisher = {Springer International Publishing},
	pages = {13--24},
	doi = {10.1007/978-3-319-21557-0_2},
	url = {http://dx.doi.org/10.1007/978-3-319-21557-0_2}
}

@article{flynn2007,
	title = {Homicide of Infants},
	author = {Flynn, Sandra M. and Shaw, Jenny J.},
	year = {2007},
	month = {10},
	date = {2007-10-15},
	journal = {The Journal of Clinical Psychiatry},
	pages = {1501--1509},
	volume = {68},
	number = {10},
	doi = {10.4088/jcp.v68n1005},
	url = {http://dx.doi.org/10.4088/jcp.v68n1005}
}

@article{kumar1995,
	title = {Clinical survey of a psychiatric mother and baby unit: characteristics of 100 consecutive admissions},
	author = {Kumar, R. and Marks, Maureen and Platz, Christine and Yoshida, Keiko},
	year = {1995},
	month = {01},
	date = {1995-01},
	journal = {Journal of Affective Disorders},
	pages = {11--22},
	volume = {33},
	number = {1},
	doi = {10.1016/0165-0327(94)00067-j},
	url = {http://dx.doi.org/10.1016/0165-0327(94)00067-j},
	langid = {en}
}

@article{dalman1999,
	title = {Obstetric Complications and the Risk of Schizophrenia},
	author = {Dalman, Christina and Allebeck, Peter and Cullberg, Johan and Grunewald, Charlotta and {Köster}, Max},
	year = {1999},
	month = {03},
	date = {1999-03-01},
	journal = {Archives of General Psychiatry},
	pages = {234},
	volume = {56},
	number = {3},
	doi = {10.1001/archpsyc.56.3.234},
	url = {http://dx.doi.org/10.1001/archpsyc.56.3.234},
	langid = {en}
}

@article{jablensky2005,
	title = {Pregnancy, Delivery, and Neonatal Complications in a Population Cohort of Women With Schizophrenia and Major Affective Disorders},
	author = {Jablensky, Assen V. and Morgan, Vera and Zubrick, Stephen R. and Bower, Carol and Yellachich, Li-Anne},
	year = {2005},
	month = {01},
	date = {2005-01},
	journal = {American Journal of Psychiatry},
	pages = {79--91},
	volume = {162},
	number = {1},
	doi = {10.1176/appi.ajp.162.1.79},
	url = {http://dx.doi.org/10.1176/appi.ajp.162.1.79},
	langid = {en}
}

@article{webb2006,
	title = {Mortality Risk Among Offspring of Psychiatric Inpatients: A Population-Based Follow-Up to Early Adulthood},
	author = {Webb, Roger T. and Abel, Kathryn M. and Pickles, Andrew R. and Appleby, Louis and King-Hele, Sarah A. and Mortensen, Preben B.},
	year = {2006},
	month = {12},
	date = {2006-12},
	journal = {American Journal of Psychiatry},
	pages = {2170--2177},
	volume = {163},
	number = {12},
	doi = {10.1176/ajp.2006.163.12.2170},
	url = {http://dx.doi.org/10.1176/ajp.2006.163.12.2170},
	langid = {en}
}

@article{matevosyan2010,
	title = {Pregnancy and postpartum specifics in women with schizophrenia: a meta-study},
	author = {Matevosyan, Naira Roland},
	year = {2010},
	month = {10},
	date = {2010-10-08},
	journal = {Archives of Gynecology and Obstetrics},
	pages = {141--147},
	volume = {283},
	number = {2},
	doi = {10.1007/s00404-010-1706-8},
	url = {http://dx.doi.org/10.1007/s00404-010-1706-8},
	langid = {en}
}

@article{vigod2019,
	title = {Maternal schizophrenia and adverse birth outcomes: what mediates the risk?},
	author = {Vigod, Simone N. and Fung, Kinwah and Amartey, Abigail and Bartsch, Emily and Felemban, Reema and Saunders, Natasha and Guttmann, Astrid and Chiu, Maria and Barker, Lucy C. and Kurdyak, Paul and Brown, Hilary K.},
	year = {2019},
	month = {12},
	date = {2019-12-06},
	journal = {Social Psychiatry and Psychiatric Epidemiology},
	pages = {561--570},
	volume = {55},
	number = {5},
	doi = {10.1007/s00127-019-01814-7},
	url = {http://dx.doi.org/10.1007/s00127-019-01814-7},
	langid = {en}
}

@article{goodwin2012,
	title = {Mental Disorders and Cigarette Use among Adults in the United States},
	author = {Goodwin, Renee D. and Zvolensky, Michael J. and Keyes, Katherine M. and Hasin, Deborah S.},
	year = {2012},
	month = {08},
	date = {2012-08-10},
	journal = {The American Journal on Addictions},
	pages = {416--423},
	volume = {21},
	number = {5},
	doi = {10.1111/j.1521-0391.2012.00263.x},
	url = {http://dx.doi.org/10.1111/j.1521-0391.2012.00263.x},
	langid = {en}
}

@article{menezes1996,
	title = {Drug and Alcohol Problems among Individuals with Severe Mental Illnesses in South London},
	author = {Menezes, Paulo R. and Johnson, Sonia and Thornicroft, Graham and Marshall, Jane and Prosser, David and Bebbington, Paul and Kuipers, Elizabeth},
	year = {1996},
	month = {05},
	date = {1996-05},
	journal = {British Journal of Psychiatry},
	pages = {612--619},
	volume = {168},
	number = {5},
	doi = {10.1192/bjp.168.5.612},
	url = {http://dx.doi.org/10.1192/bjp.168.5.612},
	langid = {en}
}

@inbook{howard2012,
	title = {Obesity in pregnancy and mental health},
	author = {Howard, Louise M. and Croker, Helen},
	year = {2012},
	month = {07},
	date = {2012-07-19},
	publisher = {Cambridge University Press},
	pages = {70--80},
	doi = {10.1017/cbo9780511782466.008},
	url = {http://dx.doi.org/10.1017/CBO9780511782466.008}
}

@article{trevillion2012,
	title = {Experiences of Domestic Violence and Mental Disorders: A Systematic Review and Meta-Analysis},
	author = {Trevillion, Kylee and Oram, {Siân} and Feder, Gene and Howard, Louise M.},
	editor = {van Os, Jim},
	year = {2012},
	month = {12},
	date = {2012-12-26},
	journal = {PLoS ONE},
	pages = {e51740},
	volume = {7},
	number = {12},
	doi = {10.1371/journal.pone.0051740},
	url = {http://dx.doi.org/10.1371/journal.pone.0051740},
	langid = {en}
}

@article{aubin2012,
	title = {Smoking, quitting, and psychiatric disease: A review},
	author = {Aubin, Henri-Jean and Rollema, Hans and Svensson, Torgny H. and Winterer, Georg},
	year = {2012},
	month = {01},
	date = {2012-01},
	journal = {Neuroscience & Biobehavioral Reviews},
	pages = {271--284},
	volume = {36},
	number = {1},
	doi = {10.1016/j.neubiorev.2011.06.007},
	url = {http://dx.doi.org/10.1016/j.neubiorev.2011.06.007},
	langid = {en}
}

@article{Jenkins2013,
	title = {Perinatal complications and schizophrenia: involvement of the immune system},
	author = {Jenkins, Trisha A.},
	year = {2013},
	date = {2013},
	journal = {Frontiers in Neuroscience},
	volume = {7},
	doi = {10.3389/fnins.2013.00110},
	url = {http://dx.doi.org/10.3389/fnins.2013.00110}
}

@article{updateo2008,
	title = {Update on Overall Prevalence of Major Birth Defects{\textemdash}Atlanta, Georgia, 1978-2005},
	year = {2008},
	month = {02},
	date = {2008-02-20},
	journal = {JAMA},
	pages = {756},
	volume = {299},
	number = {7},
	doi = {10.1001/jama.299.7.756},
	url = {http://dx.doi.org/10.1001/jama.299.7.756},
	langid = {en}
}

@article{Abel2013,
	title = {Fetal antipsychotic exposure in a changing landscape: seeing the
                        future},
	author = {Abel, Kathryn M.},
	year = {2013},
	month = {05},
	date = {2013-05},
	journal = {British Journal of Psychiatry},
	pages = {321--323},
	volume = {202},
	number = {5},
	doi = {10.1192/bjp.bp.112.117556},
	url = {http://dx.doi.org/10.1192/bjp.bp.112.117556},
	langid = {en}
}

@article{galbally2014,
	title = {Antipsychotic drugs in pregnancy: a review of their maternal and fetal effects},
	author = {Galbally, Megan and Snellen, Martien and Power, Josephine},
	year = {2014},
	month = {02},
	date = {2014-02-07},
	journal = {Therapeutic Advances in Drug Safety},
	pages = {100--109},
	volume = {5},
	number = {2},
	doi = {10.1177/2042098614522682},
	url = {http://dx.doi.org/10.1177/2042098614522682},
	langid = {en}
}

@article{murphy1996,
	title = {Minor Physical Anomalies and their Relationship to the Aetiology of Schizophrenia},
	author = {Murphy, Kieran C. and Owen, Michael J.},
	year = {1996},
	month = {02},
	date = {1996-02},
	journal = {British Journal of Psychiatry},
	pages = {139--142},
	volume = {168},
	number = {2},
	doi = {10.1192/bjp.168.2.139},
	url = {http://dx.doi.org/10.1192/bjp.168.2.139},
	langid = {en}
}

@article{bennedsen2001,
	title = {Congenital Malformations, Stillbirths, and Infant Deaths Among Children of Women With Schizophrenia},
	author = {Bennedsen, Birgit E. and Mortensen, Preben B. and Olesen, Anne V. and Henriksen, Tine B.},
	year = {2001},
	month = {07},
	date = {2001-07-01},
	journal = {Archives of General Psychiatry},
	pages = {674},
	volume = {58},
	number = {7},
	doi = {10.1001/archpsyc.58.7.674},
	url = {http://dx.doi.org/10.1001/archpsyc.58.7.674},
	langid = {en}
}

@article{Huybrechts2016,
	title = {Antipsychotic Use in Pregnancy and the Risk for Congenital Malformations},
	author = {Huybrechts, Krista F. and {Hernández-Díaz}, Sonia and Patorno, Elisabetta and Desai, Rishi J. and Mogun, Helen and Dejene, Sara Z. and Cohen, Jacqueline M. and Panchaud, Alice and Cohen, Lee and Bateman, Brian T.},
	year = {2016},
	month = {09},
	date = {2016-09-01},
	journal = {JAMA Psychiatry},
	pages = {938},
	volume = {73},
	number = {9},
	doi = {10.1001/jamapsychiatry.2016.1520},
	url = {http://dx.doi.org/10.1001/jamapsychiatry.2016.1520},
	langid = {en}
}

@article{Newport2007,
	title = {Atypical Antipsychotic Administration During Late Pregnancy: Placental Passage and Obstetrical Outcomes},
	author = {Newport, D. Jeffrey and Calamaras, Martha R. and DeVane, C. Lindsay and Donovan, Jennifer and Beach, Aquila J. and Winn, Stephanie and Knight, Bettina T. and Gibson, Bryan B. and Viguera, Adele C. and Owens, Michael J. and Nemeroff, Charles B. and Stowe, Zachary N.},
	year = {2007},
	month = {08},
	date = {2007-08},
	journal = {American Journal of Psychiatry},
	pages = {1214--1220},
	volume = {164},
	number = {8},
	doi = {10.1176/appi.ajp.2007.06111886},
	url = {http://dx.doi.org/10.1176/appi.ajp.2007.06111886},
	langid = {en}
}

@article{iqbal2005,
	title = {The potential risks of commonly prescribed antipsychotics: during pregnancy and lactation},
	author = {Iqbal, Mohammad Masud and Aneja, Alka and Rahman, Atiq and Megna, James and Freemont, Wanda and Shiplo, Mohammed and Nihilani, Nikil and Lee, Kathy},
	year = {2005},
	month = {08},
	date = {2005-08},
	journal = {Psychiatry (Edgmont (Pa.: Township))},
	pages = {36--44},
	volume = {2},
	number = {8},
	note = {PMID: 21152171
PMCID: PMC3000213},
	langid = {eng}
}

@article{kulkarni2014,
	title = {A Prospective Cohort Study of Antipsychotic Medications in Pregnancy: The First 147 Pregnancies and 100 One Year Old Babies},
	author = {Kulkarni, Jayashri and Worsley, Roisin and Gilbert, Heather and Gavrilidis, Emorfia and Van Rheenen, Tamsyn E. and Wang, Wei and McCauley, Kay and Fitzgerald, Paul},
	editor = {McKenna, Peter John},
	year = {2014},
	month = {05},
	date = {2014-05-02},
	journal = {PLoS ONE},
	pages = {e94788},
	volume = {9},
	number = {5},
	doi = {10.1371/journal.pone.0094788},
	url = {http://dx.doi.org/10.1371/journal.pone.0094788},
	langid = {en}
}

@article{zuo2008,
	title = {Distinct neurobehavioral consequences of prenatal exposure to sulpiride (SUL) and risperidone (RIS) in rats},
	author = {Zuo, Jing and Liu, Zhening and Ouyang, Xuan and Liu, Haihong and Hao, Yihui and Xu, Lin and Lu, Xiao-Hong},
	year = {2008},
	month = {02},
	date = {2008-02},
	journal = {Progress in Neuro-Psychopharmacology and Biological Psychiatry},
	pages = {387--397},
	volume = {32},
	number = {2},
	doi = {10.1016/j.pnpbp.2007.09.005},
	url = {http://dx.doi.org/10.1016/j.pnpbp.2007.09.005},
	langid = {en}
}

@article{Singh2015,
	title = {Prenatal exposure to a novel antipsychotic quetiapine: Impact on neuro{-}architecture, apoptotic neurodegeneration in fetal hippocampus and cognitive impairment in young rats},
	author = {Singh, K.P. and Tripathi, Nidhi},
	year = {2015},
	month = {02},
	date = {2015-02-23},
	journal = {International Journal of Developmental Neuroscience},
	pages = {59--67},
	volume = {42},
	number = {1},
	doi = {10.1016/j.ijdevneu.2015.02.011},
	url = {http://dx.doi.org/10.1016/j.ijdevneu.2015.02.011},
	langid = {en}
}

@article{poels2018,
	title = {Long-term neurodevelopmental consequences of intrauterine exposure to lithium and antipsychotics: a systematic review and meta-analysis},
	author = {Poels, Eline M. P. and Schrijver, Lisanne and Kamperman, Astrid M. and Hillegers, Manon H. J. and Hoogendijk, Witte J. G. and Kushner, Steven A. and Roza, Sabine J.},
	year = {2018},
	month = {06},
	date = {2018-06-11},
	journal = {European Child & Adolescent Psychiatry},
	pages = {1209--1230},
	volume = {27},
	number = {9},
	doi = {10.1007/s00787-018-1177-1},
	url = {http://dx.doi.org/10.1007/s00787-018-1177-1},
	langid = {en}
}

@article{hurault-delarue2016,
	title = {Psychomotor developmental effects of prenatal exposure to psychotropic drugs: a study in EFEMERIS database},
	author = {Hurault-Delarue, Caroline and Damase-Michel, Christine and Finotto, Laurent and Guitard, Claudine and {Vayssière}, Christophe and Montastruc, Jean-Louis and Montastruc, {François} and Lacroix, Isabelle},
	year = {2016},
	month = {08},
	date = {2016-08-05},
	journal = {Fundamental & Clinical Pharmacology},
	pages = {476--482},
	volume = {30},
	number = {5},
	doi = {10.1111/fcp.12209},
	url = {http://dx.doi.org/10.1111/fcp.12209},
	langid = {en}
}

@article{Petersen2016,
	title = {Risks and benefits of psychotropic medication in pregnancy: cohort studies based on UK electronic primary care health records},
	author = {Petersen, Irene and McCrea, Rachel L and Sammon, Cormac J and Osborn, David PJ and Evans, Stephen J and Cowen, Phillip J and Freemantle, Nick and Nazareth, Irwin},
	year = {2016},
	month = {03},
	date = {2016-03},
	journal = {Health Technology Assessment},
	pages = {1--176},
	volume = {20},
	number = {23},
	doi = {10.3310/hta20230},
	url = {http://dx.doi.org/10.3310/hta20230},
	langid = {en}
}

@article{seeman2004,
	title = {Gender Differences in the Prescribing of Antipsychotic Drugs},
	author = {Seeman, Mary V.},
	year = {2004},
	month = {08},
	date = {2004-08},
	journal = {American Journal of Psychiatry},
	pages = {1324--1333},
	volume = {161},
	number = {8},
	doi = {10.1176/appi.ajp.161.8.1324},
	url = {http://dx.doi.org/10.1176/appi.ajp.161.8.1324},
	langid = {en}
}

@article{Anderson2005,
	title = {Pregnancy-Induced Changes in Pharmacokinetics},
	author = {Anderson, Gail D},
	year = {2005},
	date = {2005},
	journal = {Clinical Pharmacokinetics},
	pages = {989--1008},
	volume = {44},
	number = {10},
	doi = {10.2165/00003088-200544100-00001},
	url = {http://dx.doi.org/10.2165/00003088-200544100-00001},
	langid = {en}
}

@article{frederiksen2001,
	title = {Physiologic changes in pregnancy and their effect on drug disposition},
	author = {Frederiksen, Marilynn C.},
	year = {2001},
	month = {06},
	date = {2001-06},
	journal = {Seminars in Perinatology},
	pages = {120--123},
	volume = {25},
	number = {3},
	doi = {10.1053/sper.2001.24565},
	url = {http://dx.doi.org/10.1053/sper.2001.24565},
	langid = {en}
}

@article{cohen1998,
	title = {Psychotropic drug use during pregnancy: weighing the risks},
	author = {Cohen, L. S. and Rosenbaum, J. F.},
	year = {1998},
	date = {1998},
	journal = {The Journal of Clinical Psychiatry},
	pages = {18--28},
	volume = {59 Suppl 2},
	note = {PMID: 9559756},
	langid = {eng}
}

@inbook{abel2014,
	title = {Schizophrenia, Psychopharmacology, and Pregnancy},
	author = {Abel, Kathryn M. and Au, Katie and Howard, Louise M.},
	year = {2014},
	date = {2014},
	publisher = {Springer Berlin Heidelberg},
	pages = {119--138},
	doi = {10.1007/978-3-642-54562-7_9},
	url = {http://dx.doi.org/10.1007/978-3-642-54562-7_9}
}

@article{schaffer2019,
	title = {Trajectories of antipsychotic use before and during pregnancy and associated maternal and birth characteristics},
	author = {Schaffer, Andrea L and Zoega, Helga and Tran, Duong T and Buckley, Nicholas A and Pearson, Sallie and Havard, Alys},
	year = {2019},
	month = {05},
	date = {2019-05-15},
	journal = {Australian & New Zealand Journal of Psychiatry},
	pages = {1208--1221},
	volume = {53},
	number = {12},
	doi = {10.1177/0004867419847764},
	url = {http://dx.doi.org/10.1177/0004867419847764},
	langid = {en}
}
