
@article{Laursen2014,
	title = {Excess Early Mortality in Schizophrenia},
	author = {Laursen, Thomas Munk and Nordentoft, Merete and Mortensen, Preben Bo},
	year = {2014},
	month = {03},
	date = {2014-03-28},
	journal = {Annual Review of Clinical Psychology},
	pages = {425--448},
	volume = {10},
	number = {1},
	doi = {10.1146/annurev-clinpsy-032813-153657},
	url = {http://dx.doi.org/10.1146/annurev-clinpsy-032813-153657},
	langid = {en}
}

@article{Chou2016,
	title = {Cancer in patients with schizophrenia: What is the next step?},
	author = {Chou, Frank H-C. and Tsai, Kuan-Yi and Wu, Hung-Chi and Shen, Shih-Pei},
	year = {2016},
	month = {08},
	date = {2016-08-14},
	journal = {Psychiatry and Clinical Neurosciences},
	pages = {473--488},
	volume = {70},
	number = {11},
	doi = {10.1111/pcn.12420},
	url = {http://dx.doi.org/10.1111/pcn.12420},
	langid = {en}
}

@article{Lee2018,
	title = {A widening longevity gap between people with schizophrenia and general population: A literature review and call for action},
	author = {Lee, Ellen E. and Liu, Jinyuan and Tu, Xin and Palmer, Barton W. and Eyler, Lisa T. and Jeste, Dilip V.},
	year = {2018},
	month = {06},
	date = {2018-06},
	journal = {Schizophrenia Research},
	pages = {9--13},
	volume = {196},
	doi = {10.1016/j.schres.2017.09.005},
	url = {http://dx.doi.org/10.1016/j.schres.2017.09.005},
	langid = {en}
}

@article{Schoepf2014,
	title = {Physical comorbidity and its relevance on mortality in schizophrenia: a naturalistic 12-year follow-up in general hospital admissions},
	author = {Schoepf, Dieter and Uppal, Hardeep and Potluri, Rahul and Heun, Reinhard},
	year = {2013},
	month = {08},
	date = {2013-08-13},
	journal = {European Archives of Psychiatry and Clinical Neuroscience},
	pages = {3--28},
	volume = {264},
	number = {1},
	doi = {10.1007/s00406-013-0436-x},
	url = {http://dx.doi.org/10.1007/s00406-013-0436-x},
	langid = {en}
}

@article{kim2019,
	title = {Factors Related to Physical Health Monitoring in Community-Dwelling Patients with Schizophrenia Spectrum Disorder},
	author = {Kim, Mina and Jhon, Min and Lee, Ju-Yeon and Kim, Seon-Young and Kim, Jae-Min and Yoon, Jin-Sang and Kim, Soo-Jin and Kim, Sung-Wan},
	year = {2019},
	date = {2019},
	journal = {Korean Journal of Schizophrenia Research},
	pages = {14},
	volume = {22},
	number = {1},
	doi = {10.16946/kjsr.2019.22.1.14},
	url = {http://dx.doi.org/10.16946/kjsr.2019.22.1.14},
	langid = {ko}
}

@article{Bradford2008,
	title = {Access to Medical Care Among Persons With Psychotic and Major Affective Disorders},
	author = {Bradford, Daniel W. and Kim, Mimi M. and Braxton, Loretta E. and Marx, Christine E. and Butterfield, Marian and Elbogen, Eric B.},
	year = {2008},
	month = {08},
	date = {2008-08},
	journal = {Psychiatric Services},
	pages = {847--852},
	volume = {59},
	number = {8},
	doi = {10.1176/ps.2008.59.8.847},
	url = {http://dx.doi.org/10.1176/ps.2008.59.8.847},
	langid = {en}
}

@article{Drapalski2008,
	title = {Perceived Barriers to Medical Care and Mental Health Care Among Veterans With Serious Mental Illness},
	author = {Drapalski, Amy L. and Milford, Jaime and Goldberg, Richard W. and Brown, Clayton H. and Dixon, Lisa B.},
	year = {2008},
	month = {08},
	date = {2008-08},
	journal = {Psychiatric Services},
	pages = {921--924},
	volume = {59},
	number = {8},
	doi = {10.1176/ps.2008.59.8.921},
	url = {http://dx.doi.org/10.1176/ps.2008.59.8.921},
	langid = {en}
}

@article{Muir-Cochrane2006,
	title = {Medical co-morbidity risk factors and barriers to care for people with schizophrenia},
	author = {MUIR-COCHRANE, E.},
	year = {2006},
	month = {08},
	date = {2006-08},
	journal = {Journal of Psychiatric and Mental Health Nursing},
	pages = {447--452},
	volume = {13},
	number = {4},
	doi = {10.1111/j.1365-2850.2006.01002.x},
	url = {http://dx.doi.org/10.1111/j.1365-2850.2006.01002.x},
	langid = {en}
}

@article{Briskman2012,
	title = {Impact of Co-Morbid Mental Illness on the Diagnosis and Management of Patients Hospitalized for Medical Conditions in a General Hospital},
	author = {Briskman, I. and Bar, G. and Boaz, M. and Shargorodsky, M.},
	year = {2012},
	month = {05},
	date = {2012-05},
	journal = {The International Journal of Psychiatry in Medicine},
	pages = {339--348},
	volume = {43},
	number = {4},
	doi = {10.2190/pm.43.4.d},
	url = {http://dx.doi.org/10.2190/PM.43.4.d},
	langid = {en}
}

@article{Crump2013,
	title = {Comorbidities and Mortality in Persons With Schizophrenia: A Swedish National Cohort Study},
	author = {Crump, Casey and Winkleby, Marilyn A. and Sundquist, Kristina and Sundquist, Jan},
	year = {2013},
	month = {03},
	date = {2013-03},
	journal = {American Journal of Psychiatry},
	pages = {324--333},
	volume = {170},
	number = {3},
	doi = {10.1176/appi.ajp.2012.12050599},
	url = {http://dx.doi.org/10.1176/appi.ajp.2012.12050599},
	langid = {en}
}

@article{Nasrallah2006,
	title = {Low rates of treatment for hypertension, dyslipidemia and diabetes in schizophrenia: Data from the CATIE schizophrenia trial sample at baseline},
	author = {Nasrallah, Henry A. and Meyer, Jonathan M. and Goff, Donald C. and McEvoy, Joseph P. and Davis, Sonia M. and Stroup, T. Scott and Lieberman, Jeffrey A.},
	year = {2006},
	month = {09},
	date = {2006-09},
	journal = {Schizophrenia Research},
	pages = {15--22},
	volume = {86},
	number = {1-3},
	doi = {10.1016/j.schres.2006.06.026},
	url = {http://dx.doi.org/10.1016/j.schres.2006.06.026},
	langid = {en}
}

@article{Druss2000,
	title = {Mental Disorders and Use of Cardiovascular Procedures After Myocardial Infarction},
	author = {Druss, Benjamin G.},
	year = {2000},
	month = {01},
	date = {2000-01-26},
	journal = {JAMA},
	pages = {506},
	volume = {283},
	number = {4},
	doi = {10.1001/jama.283.4.506},
	url = {http://dx.doi.org/10.1001/jama.283.4.506},
	langid = {en}
}

@article{cavanaugh2012,
	title = {An Outbreak of Tuberculosis Among Adults With Mental Illness},
	author = {Cavanaugh, Joseph S. and Powell, Krista and Renwick, Ozzie J. and Davis, Kevin L. and Hilliard, Aaron and Benjamin, Cynthia and Mitruka, Kiren},
	year = {2012},
	month = {06},
	date = {2012-06},
	journal = {American Journal of Psychiatry},
	pages = {569--575},
	volume = {169},
	number = {6},
	doi = {10.1176/appi.ajp.2011.11081311},
	url = {http://dx.doi.org/10.1176/appi.ajp.2011.11081311},
	langid = {en}
}

@article{Kuo2013,
	title = {Incidence and outcome of newly-diagnosed tuberculosis in schizophrenics: a 12-year, nationwide, retrospective longitudinal study},
	author = {Kuo, Shu-Chen and Chen, Yung-Tai and Li, Szu-Yuan and Lee, Yi-Tzu and Yang, Albert C and Chen, Te-Li and Liu, Chia-Jen and Chen, Tzeng-Ji and Su, Ih-Jen and Fung, Chang-Phone},
	year = {2013},
	month = {07},
	date = {2013-07-29},
	journal = {BMC Infectious Diseases},
	volume = {13},
	number = {1},
	doi = {10.1186/1471-2334-13-351},
	url = {http://dx.doi.org/10.1186/1471-2334-13-351},
	langid = {en}
}

@article{Chen2011,
	title = {Poor Clinical Outcomes Among Pneumonia Patients With Schizophrenia},
	author = {Chen, Y.-H. and Lin, H.-C. and Lin, H.-C.},
	year = {2010},
	month = {03},
	date = {2010-03-25},
	journal = {Schizophrenia Bulletin},
	pages = {1088--1094},
	volume = {37},
	number = {5},
	doi = {10.1093/schbul/sbq019},
	url = {http://dx.doi.org/10.1093/schbul/sbq019},
	langid = {en}
}

@article{haga2018,
	title = {Risk factors for pneumonia in patients with schizophrenia},
	author = {Haga, Takahiro and Ito, Kae and Sakashita, Kentaro and Iguchi, Mari and Ono, Masahiro and Tatsumi, Koichiro},
	year = {2018},
	month = {10},
	date = {2018-10-23},
	journal = {Neuropsychopharmacology Reports},
	pages = {204--209},
	volume = {38},
	number = {4},
	doi = {10.1002/npr2.12034},
	url = {http://dx.doi.org/10.1002/npr2.12034},
	langid = {en}
}

@article{kuo2012,
	title = {Second-Generation Antipsychotic Medications and Risk of Pneumonia in Schizophrenia},
	author = {Kuo, Chian-Jue and Yang, Shu-Yu and Liao, Ya-Tang and Chen, Wei J. and Lee, Wen-Chung and Shau, Wen-Yi and Chang, Yao-Tung and Tsai, Shang-Ying and Chen, Chiao-Chicy},
	year = {2012},
	month = {01},
	date = {2012-01-26},
	journal = {Schizophrenia Bulletin},
	pages = {648--657},
	volume = {39},
	number = {3},
	doi = {10.1093/schbul/sbr202},
	url = {http://dx.doi.org/10.1093/schbul/sbr202},
	langid = {en}
}

@article{Liu2018,
	title = {Antipsychotic drugs and risk of newly diagnosed tuberculosis in schizophrenia},
	author = {Liu, {Hsing{-}Cheng} and Hung, {Galen Chin{-}Lun} and Yang, {Shu{-}Yu} and Liao, {Ya{-}Tang} and Pan, {Chun{-}Hung} and Chen, {Chiao{-}Chicy} and Kuo, {Chian{-}Jue}},
	year = {2018},
	month = {08},
	date = {2018-08-06},
	journal = {Psychiatry and Clinical Neurosciences},
	pages = {789--800},
	volume = {72},
	number = {10},
	doi = {10.1111/pcn.12736},
	url = {http://dx.doi.org/10.1111/pcn.12736},
	langid = {en}
}

@article{Leykin1997,
	title = {Short and long term immunosuppressive effects of clozapine and haloperidol},
	author = {Leykin, I. and Mayer, R. and Shinitzky, M.},
	year = {1997},
	month = {08},
	date = {1997-08},
	journal = {Immunopharmacology},
	pages = {75--86},
	volume = {37},
	number = {1},
	doi = {10.1016/s0162-3109(97)00037-4},
	url = {http://dx.doi.org/10.1016/s0162-3109(97)00037-4},
	langid = {en}
}

@article{Song2000,
	title = {Immunosuppressive effects of clozapine and haloperidol: enhanced production of the interleukin-1 receptor antagonist},
	author = {Song, Cai and Lin, Ai-hua and Kenis, Gunter and Bosmans, Eugene and Maes, Michael},
	year = {2000},
	month = {04},
	date = {2000-04},
	journal = {Schizophrenia Research},
	pages = {157--164},
	volume = {42},
	number = {2},
	doi = {10.1016/s0920-9964(99)00116-4},
	url = {http://dx.doi.org/10.1016/s0920-9964(99)00116-4},
	langid = {en}
}

@article{Kuehn2005,
	title = {FDA Warns Antipsychotic Drugs May Be Risky for Elderly},
	year = {2005},
	month = {05},
	date = {2005-05-25},
	journal = {JAMA},
	pages = {2462},
	volume = {293},
	number = {20},
	doi = {10.1001/jama.293.20.2462},
	url = {http://dx.doi.org/10.1001/jama.293.20.2462},
	langid = {en}
}

@article{Seminog2013,
	title = {Risk of pneumonia and pneumococcal disease in people with severe mental illness: English record linkage studies},
	author = {Seminog, Olena O and Goldacre, Michael J},
	year = {2012},
	month = {12},
	date = {2012-12-15},
	journal = {Thorax},
	pages = {171--176},
	volume = {68},
	number = {2},
	doi = {10.1136/thoraxjnl-2012-202480},
	url = {http://dx.doi.org/10.1136/thoraxjnl-2012-202480},
	langid = {en}
}

@article{Hsu2013,
	title = {Increased Risk of Chronic Obstructive Pulmonary Disease in Patients with Schizophrenia: A Population-Based Study},
	author = {Hsu, Jer-Hwa and Chien, I-Chia and Lin, Ching-Heng and Chou, Yiing-Jenq and Chou, Pesus},
	year = {2013},
	month = {07},
	date = {2013-07},
	journal = {Psychosomatics},
	pages = {345--351},
	volume = {54},
	number = {4},
	doi = {10.1016/j.psym.2012.08.003},
	url = {http://dx.doi.org/10.1016/j.psym.2012.08.003},
	langid = {en}
}

@article{Lores2018,
	title = {Prevalence of smoking in a psychiatric hospital and its relationship with respiratory symptoms and the prevalence of COPD},
	author = {Lores, Luis and Monje, Alfonso and Bergada, Manel and Arellano, Elisabeth and {Rodríguez-Larrea}, Julian and Miravitlles, Marc},
	year = {2018},
	month = {09},
	date = {2018-09},
	journal = {International Journal of Chronic Obstructive Pulmonary Disease},
	pages = {2797--2804},
	volume = {Volume 13},
	doi = {10.2147/copd.s165880},
	url = {http://dx.doi.org/10.2147/COPD.S165880},
	langid = {en}
}

@article{Jaen-Moreno2021,
	title = {Chronic obstructive pulmonary disease in severe mental illness: A timely diagnosis to advance the process of quitting smoking},
	author = {Jaen-Moreno, M. J. and Feu, N. and del Pozo, G. I. and {Gómez}, C. and {Carrión}, L. and Chauca, G. M. and Guler, I. and Montiel, F. J. and {Sánchez}, M.D. and {Alcalá}, J. A. and Gutierrez-Rojas, L. and Molina, V. and Bobes, J. and {Balanzá-Martínez}, V. and Ruiz-Rull, C. and Sarramea, F.},
	year = {2021},
	date = {2021},
	journal = {European Psychiatry},
	volume = {64},
	number = {1},
	doi = {10.1192/j.eurpsy.2021.12},
	url = {http://dx.doi.org/10.1192/j.eurpsy.2021.12},
	langid = {en}
}

@article{Patakas1983,
	title = {Beta-blockers in bronchial asthma: effect of propranolol and pindolol on large and small airways.},
	author = {Patakas, D and Argiropoulou, V and Louridas, G and Tsara, V},
	year = {1983},
	month = {02},
	date = {1983-02-01},
	journal = {Thorax},
	pages = {108--112},
	volume = {38},
	number = {2},
	doi = {10.1136/thx.38.2.108},
	url = {http://dx.doi.org/10.1136/thx.38.2.108},
	langid = {en}
}

@article{Morales2017,
	title = {Respiratory effect of beta-blockers in people with asthma and cardiovascular disease: population-based nested case control study},
	author = {Morales, Daniel R. and Lipworth, Brian J. and Donnan, Peter T. and Jackson, Cathy and Guthrie, Bruce},
	year = {2017},
	month = {01},
	date = {2017-01-27},
	journal = {BMC Medicine},
	volume = {15},
	number = {1},
	doi = {10.1186/s12916-017-0781-0},
	url = {http://dx.doi.org/10.1186/s12916-017-0781-0},
	langid = {en}
}

@article{Chester1981,
	title = {Adverse Effect of Propranolol on Airway Function in Nonasthmatic Chronic Obstructive Lung Disease},
	author = {Chester, Edward H. and Schwartz, Howard J. and Fleming, Gerald M.},
	year = {1981},
	month = {05},
	date = {1981-05},
	journal = {Chest},
	pages = {540--544},
	volume = {79},
	number = {5},
	doi = {10.1378/chest.79.5.540},
	url = {http://dx.doi.org/10.1378/chest.79.5.540},
	langid = {en}
}

@article{Rosenberg2001,
	title = {Prevalence of HIV, hepatitis B, and hepatitis C in people with severe mental illness},
	year = {2001},
	month = {01},
	date = {2001-01-01},
	journal = {American Journal of Public Health},
	pages = {31--37},
	volume = {91},
	number = {1},
	doi = {10.2105/ajph.91.1.31},
	url = {http://dx.doi.org/10.2105/ajph.91.1.31},
	langid = {en}
}

@article{Blank2002,
	title = {Co-occurrence of HIV and Serious Mental Illness Among Medicaid Recipients},
	author = {Blank, Michael B. and Mandell, David S. and Aiken, Linda and Hadley, Trevor R.},
	year = {2002},
	month = {07},
	date = {2002-07},
	journal = {Psychiatric Services},
	pages = {868--873},
	volume = {53},
	number = {7},
	doi = {10.1176/appi.ps.53.7.868},
	url = {http://dx.doi.org/10.1176/appi.ps.53.7.868},
	langid = {en}
}

@article{Nurutdinova2012,
	title = {Mental health disorders and the risk of AIDS-defining illness and death in HIV-infected veterans},
	author = {Nurutdinova, Diana and Chrusciel, Timothy and Zeringue, Angelique and Scherrer, Jeffrey F. and Al-Aly, Ziyad and McDonald, Jay R. and Overton, Edgar T.},
	year = {2012},
	month = {01},
	date = {2012-01-14},
	journal = {AIDS},
	pages = {229--234},
	volume = {26},
	number = {2},
	doi = {10.1097/qad.0b013e32834e1404},
	url = {http://dx.doi.org/10.1097/QAD.0b013e32834e1404},
	langid = {en}
}

@article{Butterfield2003,
	title = {Blood-Borne Infections and Persons With Mental Illness: Gender Differences in Hepatitis C Infection and Risks Among Persons With Severe Mental Illness},
	author = {Butterfield, Marian I. and Bosworth, Hayden B. and Meador, Keith G. and Stechuchak, Karen M. and Essock, Susan M. and Osher, Fred C. and Goodman, Lisa A. and Swanson, Jeffrey W. and Bastian, Lori A. and Horner, Ronnie D. and , },
	year = {2003},
	month = {06},
	date = {2003-06},
	journal = {Psychiatric Services},
	pages = {848--853},
	volume = {54},
	number = {6},
	doi = {10.1176/appi.ps.54.6.848},
	url = {http://dx.doi.org/10.1176/appi.ps.54.6.848},
	langid = {en}
}

@article{Dinwiddie2003,
	title = {Prevalence of Hepatitis C Among Psychiatric Patients in the Public Sector},
	author = {Dinwiddie, Stephen H. and Shicker, Louis and Newman, Tom},
	year = {2003},
	month = {01},
	date = {2003-01},
	journal = {American Journal of Psychiatry},
	pages = {172--174},
	volume = {160},
	number = {1},
	doi = {10.1176/appi.ajp.160.1.172},
	url = {http://dx.doi.org/10.1176/appi.ajp.160.1.172},
	langid = {en}
}

@article{Osher2003,
	title = {Blood-Borne Infections and Persons With Mental Illness: Substance Abuse and the Transmission of Hepatitis C Among Persons With Severe Mental Illness},
	author = {Osher, Fred C. and Goldberg, Richard W. and McNary, Scot W. and Swartz, Marvin S. and Essock, Susan M. and Butterfield, Marian I. and Rosenberg, Stanley D. and , },
	year = {2003},
	month = {06},
	date = {2003-06},
	journal = {Psychiatric Services},
	pages = {842--847},
	volume = {54},
	number = {6},
	doi = {10.1176/appi.ps.54.6.842},
	url = {http://dx.doi.org/10.1176/appi.ps.54.6.842},
	langid = {en}
}

@article{Nakamura2004,
	title = {High prevalence of the hepatitis C virus infection among the inpatients of schizophrenia and psychoactive substance abuse in Japan},
	author = {Nakamura, Yu and Koh, Motoasa and Miyoshi, Eiji and Ida, Osamu and Morikawa, Masayuki and Tokuyama, Akihiro and Nagano, Tatsuji and Honda, Yoshiharu and Iida, Junzo and Yamamoto, Kunya and Minami, Naoki and Kasahara, Akinori and Hirai, Motoharu and Hayashi, Norio and Kishimoto, Toshifumi},
	year = {2004},
	month = {05},
	date = {2004-05},
	journal = {Progress in Neuro-Psychopharmacology and Biological Psychiatry},
	pages = {591--597},
	volume = {28},
	number = {3},
	doi = {10.1016/j.pnpbp.2004.01.018},
	url = {http://dx.doi.org/10.1016/j.pnpbp.2004.01.018},
	langid = {en}
}

@article{Huckans2006,
	title = {Management of Hepatitis C Disease Among VA Patients With Schizophrenia and Substance Use Disorders},
	author = {Huckans, Marilyn S. and Blackwell, Aaron D. and Harms, Todd A. and Hauser, Peter},
	year = {2006},
	month = {03},
	date = {2006-03},
	journal = {Psychiatric Services},
	pages = {403--406},
	volume = {57},
	number = {3},
	doi = {10.1176/appi.ps.57.3.403},
	url = {http://dx.doi.org/10.1176/appi.ps.57.3.403},
	langid = {en}
}

@article{Sockalingam2010,
	title = {Determining rates of hepatitis C in a clozapine treated cohort},
	author = {Sockalingam, Sanjeev and Shammi, Chekkera and Powell, Valerie and Barker, Lucy and Remington, Gary},
	year = {2010},
	month = {12},
	date = {2010-12},
	journal = {Schizophrenia Research},
	pages = {86--90},
	volume = {124},
	number = {1-3},
	doi = {10.1016/j.schres.2010.06.005},
	url = {http://dx.doi.org/10.1016/j.schres.2010.06.005},
	langid = {en}
}

@article{Rosenberg2005,
	title = {Hepatitis C virus and HIV co-infection in people with severe mental illness and substance use disorders},
	author = {Rosenberg, Stanley D and Drake, Robert E and Brunette, Mary F and Wolford, George L and Marsh, Bryan J},
	year = {2005},
	month = {10},
	date = {2005-10},
	journal = {AIDS},
	pages = {S26--S33},
	volume = {19},
	number = {Suppl 3},
	doi = {10.1097/01.aids.0000192067.94033.aa},
	url = {http://dx.doi.org/10.1097/01.aids.0000192067.94033.aa},
	langid = {en}
}

@article{lee2020,
	title = {Association between mental illness and COVID-19 susceptibility and clinical outcomes in South Korea: a nationwide cohort study},
	author = {Lee, Seung Won and Yang, Jee Myung and Moon, Sung Yong and Yoo, In Kyung and Ha, Eun Kyo and Kim, So Young and Park, Un Min and Choi, Sejin and Lee, Sang-Hyuk and Ahn, Yong Min and Kim, Jae-Min and Koh, Hyun Yong and Yon, Dong Keon},
	year = {2020},
	month = {12},
	date = {2020-12},
	journal = {The Lancet Psychiatry},
	pages = {1025--1031},
	volume = {7},
	number = {12},
	doi = {10.1016/s2215-0366(20)30421-1},
	url = {http://dx.doi.org/10.1016/S2215-0366(20)30421-1},
	langid = {en}
}

@article{Govind2021,
	title = {Clozapine treatment and risk of COVID-19 infection: retrospective cohort study},
	author = {Govind, Risha and Fonseca de Freitas, Daniela and Pritchard, Megan and Hayes, Richard D. and MacCabe, James H.},
	year = {2020},
	month = {07},
	date = {2020-07-27},
	journal = {The British Journal of Psychiatry},
	pages = {368--374},
	volume = {219},
	number = {1},
	doi = {10.1192/bjp.2020.151},
	url = {http://dx.doi.org/10.1192/bjp.2020.151},
	langid = {en}
}

@article{Jeong2021,
	title = {Challenges in Prescribing Clozapine in the Era of COVID-19: A Review Focused on Immunological Implications},
	author = {Jeong, Seong Hoon and Kim, Yong Sik},
	year = {2021},
	month = {08},
	date = {2021-08-31},
	journal = {Clinical Psychopharmacology and Neuroscience},
	pages = {411--422},
	volume = {19},
	number = {3},
	doi = {10.9758/cpn.2021.19.3.411},
	url = {http://dx.doi.org/10.9758/cpn.2021.19.3.411},
	langid = {en}
}

@article{Taipale2020,
	title = {20{-}year follow{-}up study of physical morbidity and mortality in relationship to antipsychotic treatment in a nationwide cohort of 62,250 patients with schizophrenia (FIN20)},
	author = {Taipale, Heidi and Tanskanen, Antti and {Mehtälä}, Juha and Vattulainen, Pia and Correll, Christoph U. and Tiihonen, Jari},
	year = {2020},
	month = {01},
	date = {2020-01-10},
	journal = {World Psychiatry},
	pages = {61--68},
	volume = {19},
	number = {1},
	doi = {10.1002/wps.20699},
	url = {http://dx.doi.org/10.1002/wps.20699},
	langid = {en}
}

@article{Jayatilleke2017,
	title = {Contributions of specific causes of death to lost life expectancy in severe mental illness},
	author = {Jayatilleke, N. and Hayes, R.D. and Dutta, R. and Shetty, H. and Hotopf, M. and Chang, C.-K. and Stewart, R.},
	year = {2017},
	month = {06},
	date = {2017-06},
	journal = {European Psychiatry},
	pages = {109--115},
	volume = {43},
	doi = {10.1016/j.eurpsy.2017.02.487},
	url = {http://dx.doi.org/10.1016/j.eurpsy.2017.02.487},
	langid = {en}
}

@article{Piotrowski2017,
	title = {CAUSES OF MORTALITY IN SCHIZOPHRENIA: AN UPDATED REVIEW OF EUROPEAN STUDIES},
	author = {Piotrowski, Patryk and ,  and M. Gondek, Tomasz and {Królicka-Der{\k{e}}gowska}, Anna and Misiak, {B{\l}a{\.{z}}ej} and Adamowski, Tomasz and Kiejna, Andrzej and ,  and ,  and ,  and ,  and , },
	year = {2017},
	month = {06},
	date = {2017-06-26},
	journal = {Psychiatria Danubina},
	pages = {108--120},
	volume = {29},
	number = {2},
	doi = {10.24869/psyd.2017.108},
	url = {http://dx.doi.org/10.24869/psyd.2017.108}
}

@article{risgaard2016,
	title = {Sudden cardiac death: a nationwide cohort study among the young},
	author = {Risgaard, Bjarke},
	year = {2016},
	month = {12},
	date = {2016-12},
	journal = {Danish Medical Journal},
	pages = {B5321},
	volume = {63},
	number = {12},
	note = {PMID: 27910804},
	langid = {eng}
}

@article{andreou2020,
	title = {Cardiac left ventricular ejection fraction in men and women with schizophrenia on long-term antipsychotic treatment},
	author = {Andreou, Dimitrios and Saetre, Peter and Fors, {Björn Milesson} and Nilsson, {Björn Mikael} and Kullberg, Joel and {Jönsson}, Erik Gunnar and Ebeling Barbier, Charlotte and Agartz, Ingrid},
	year = {2020},
	month = {04},
	date = {2020-04},
	journal = {Schizophrenia Research},
	pages = {226--232},
	volume = {218},
	doi = {10.1016/j.schres.2019.12.042},
	url = {http://dx.doi.org/10.1016/j.schres.2019.12.042},
	langid = {en}
}

@article{Dimsdale2008,
	title = {Psychological Stress and Cardiovascular Disease},
	author = {Dimsdale, Joel E.},
	year = {2008},
	month = {04},
	date = {2008-04},
	journal = {Journal of the American College of Cardiology},
	pages = {1237--1246},
	volume = {51},
	number = {13},
	doi = {10.1016/j.jacc.2007.12.024},
	url = {http://dx.doi.org/10.1016/j.jacc.2007.12.024},
	langid = {en}
}

@article{Dar2019,
	title = {Psychosocial Stress and Cardiovascular Disease},
	author = {Dar, Tawseef and Radfar, Azar and Abohashem, Shady and Pitman, Roger K. and Tawakol, Ahmed and Osborne, Michael T.},
	year = {2019},
	month = {04},
	date = {2019-04-26},
	journal = {Current Treatment Options in Cardiovascular Medicine},
	volume = {21},
	number = {5},
	doi = {10.1007/s11936-019-0724-5},
	url = {http://dx.doi.org/10.1007/s11936-019-0724-5},
	langid = {en}
}

@article{wu2018,
	title = {Epidemiology of schizophrenia and risk factors of schizophrenia-associated aggression from 2011 to 2015},
	author = {Wu, Yeqing and Kang, Ruiying and Yan, Yuxiang and Gao, Keming and Li, Zhiwu and Jiang, Jun and Chi, Xueyang and Xia, Lili},
	year = {2018},
	month = {08},
	date = {2018-08-08},
	journal = {Journal of International Medical Research},
	pages = {4039--4049},
	volume = {46},
	number = {10},
	doi = {10.1177/0300060518786634},
	url = {http://dx.doi.org/10.1177/0300060518786634},
	langid = {en}
}

@article{Hou2015,
	title = {Risk factors for sudden cardiac death among patients with schizophrenia},
	author = {Hou, Ping-Yi and Hung, Galen Chin-Lun and Jhong, Jia-Rong and Tsai, Shang-Ying and Chen, Chiao-Chicy and Kuo, Chian-Jue},
	year = {2015},
	month = {10},
	date = {2015-10},
	journal = {Schizophrenia Research},
	pages = {395--401},
	volume = {168},
	number = {1-2},
	doi = {10.1016/j.schres.2015.07.015},
	url = {http://dx.doi.org/10.1016/j.schres.2015.07.015},
	langid = {en}
}

@article{Yuen2018,
	title = {Clozapine-Induced Cardiovascular Side Effects and Autonomic Dysfunction: A Systematic Review},
	author = {Yuen, Jessica W. Y. and Kim, David D. and Procyshyn, Ric M. and White, Randall F. and Honer, William G. and Barr, Alasdair M.},
	year = {2018},
	month = {04},
	date = {2018-04-04},
	journal = {Frontiers in Neuroscience},
	volume = {12},
	doi = {10.3389/fnins.2018.00203},
	url = {http://dx.doi.org/10.3389/fnins.2018.00203}
}

@article{Drolet2001,
	title = {Pimozide (Orap®) Prolongs Cardiac Repolarization by Blocking the Rapid Component of the Delayed Rectifier Potassium Current in Native Cardiac Myocytes},
	author = {Drolet, Benoit and Rousseau, Guy and Daleau, Pascal and Cardinal, {René} and Simard, Chantale and Turgeon, Jacques},
	year = {2001},
	month = {09},
	date = {2001-09},
	journal = {Journal of Cardiovascular Pharmacology and Therapeutics},
	pages = {255--260},
	volume = {6},
	number = {3},
	doi = {10.1177/107424840100600306},
	url = {http://dx.doi.org/10.1177/107424840100600306},
	langid = {en}
}

@article{demers1970,
	title = {Pretibial Edema and Sodium Retention During Lithium Carbonate Treatment},
	author = {Demers, Robert},
	year = {1970},
	month = {12},
	date = {1970-12-07},
	journal = {JAMA: The Journal of the American Medical Association},
	pages = {1845},
	volume = {214},
	number = {10},
	doi = {10.1001/jama.1970.03180100039007},
	url = {http://dx.doi.org/10.1001/jama.1970.03180100039007},
	langid = {en}
}

@article{Cooke2013,
	title = {Citalopram and cardiac toxicity},
	author = {Cooke, M. J. and Waring, W. S.},
	year = {2012},
	month = {09},
	date = {2012-09-21},
	journal = {European Journal of Clinical Pharmacology},
	pages = {755--760},
	volume = {69},
	number = {4},
	doi = {10.1007/s00228-012-1408-1},
	url = {http://dx.doi.org/10.1007/s00228-012-1408-1},
	langid = {en}
}

@article{Mbaya2007,
	title = {Cardiovascular effects of high dose venlafaxine XL in patients with major depressive disorder},
	author = {Mbaya, Patrick and Alam, Faouzi and Ashim, Sindhu and Bennett, David},
	year = {2007},
	date = {2007},
	journal = {Human Psychopharmacology: Clinical and Experimental},
	pages = {129--133},
	volume = {22},
	number = {3},
	doi = {10.1002/hup.834},
	url = {http://dx.doi.org/10.1002/hup.834},
	langid = {en}
}

@article{balon2018,
	title = {Benzodiazepines: A Valuable Tool in the Management of Cardiovascular Conditions},
	author = {Balon, Richard and Rafanelli, Chiara and Sonino, Nicoletta},
	year = {2018},
	date = {2018},
	journal = {Psychotherapy and Psychosomatics},
	pages = {327--330},
	volume = {87},
	number = {6},
	doi = {10.1159/000493015},
	url = {http://dx.doi.org/10.1159/000493015},
	langid = {en}
}

@article{himmelhoch1984,
	title = {The Role of Trazodone in the Treatment of Depressed Cardiac Patients},
	author = {Himmelhoch, Jonathan M. and Schechtman, Kenneth and Auchenbach, Ralph},
	year = {1984},
	date = {1984},
	journal = {Psychopathology},
	pages = {51--63},
	volume = {17},
	number = {2},
	doi = {10.1159/000284093},
	url = {http://dx.doi.org/10.1159/000284093},
	langid = {en}
}

@article{Taylor2005,
	title = {Effects of Antidepressant Medication on Morbidity and Mortality in Depressed Patients After Myocardial Infarction},
	author = {Taylor, C. Barr},
	year = {2005},
	month = {07},
	date = {2005-07-01},
	journal = {Archives of General Psychiatry},
	pages = {792},
	volume = {62},
	number = {7},
	doi = {10.1001/archpsyc.62.7.792},
	url = {http://dx.doi.org/10.1001/archpsyc.62.7.792},
	langid = {en}
}

@article{homel2002,
	title = {Changes in body mass index for individuals with and without schizophrenia, 1987{\textendash}1996},
	author = {Homel, Peter and Casey, Daniel and Allison, David B.},
	year = {2002},
	month = {06},
	date = {2002-06},
	journal = {Schizophrenia Research},
	pages = {277--284},
	volume = {55},
	number = {3},
	doi = {10.1016/s0920-9964(01)00256-0},
	url = {http://dx.doi.org/10.1016/s0920-9964(01)00256-0},
	langid = {en}
}

@article{jarskog2018,
	title = {261. Metformin and 5-HT2C Agonist Lorcaserin for Weight Loss in Schizophrenia},
	author = {Jarskog, Lars and Stroup, T. Scott},
	year = {2018},
	month = {05},
	date = {2018-05},
	journal = {Biological Psychiatry},
	pages = {S105--S106},
	volume = {83},
	number = {9},
	doi = {10.1016/j.biopsych.2018.02.280},
	url = {http://dx.doi.org/10.1016/j.biopsych.2018.02.280},
	langid = {en}
}

@article{Lundgren2021,
	title = {Healthy Weight Loss Maintenance with Exercise, Liraglutide, or Both Combined},
	author = {Lundgren, Julie R. and Janus, Charlotte and Jensen, Simon B.K. and Juhl, Christian R. and Olsen, Lisa M. and Christensen, Rasmus M. and Svane, Maria S. and Bandholm, Thomas and {Bojsen-Møller}, Kirstine N. and Blond, Martin B. and Jensen, Jens-Erik B. and Stallknecht, Bente M. and Holst, Jens J. and Madsbad, Sten and Torekov, Signe S.},
	year = {2021},
	month = {05},
	date = {2021-05-06},
	journal = {New England Journal of Medicine},
	pages = {1719--1730},
	volume = {384},
	number = {18},
	doi = {10.1056/nejmoa2028198},
	url = {http://dx.doi.org/10.1056/NEJMoa2028198},
	langid = {en}
}

@article{larsen2017,
	title = {Effect of Liraglutide Treatment on Prediabetes and Overweight or Obesity in Clozapine- or Olanzapine-Treated Patients With Schizophrenia Spectrum Disorder},
	author = {Larsen, Julie R. and Vedtofte, Louise and Jakobsen, Mathilde S. L. and Jespersen, Hans R. and Jakobsen, Michelle I. and Svensson, Camilla K. and Koyuncu, Kamuran and Schjerning, Ole and Oturai, Peter S. and Kjaer, Andreas and Nielsen, Jimmi and Holst, Jens J. and {Ekstrøm}, Claus T. and Correll, Christoph U. and {Vilsbøll}, Tina and Fink-Jensen, Anders},
	year = {2017},
	month = {07},
	date = {2017-07-01},
	journal = {JAMA Psychiatry},
	pages = {719},
	volume = {74},
	number = {7},
	doi = {10.1001/jamapsychiatry.2017.1220},
	url = {http://dx.doi.org/10.1001/jamapsychiatry.2017.1220},
	langid = {en}
}

@article{Lee2021,
	title = {Effect of liraglutide 3.0mg treatment on weight reduction in obese antipsychotic-treated patients},
	author = {Lee, Seung Eun and Lee, Nam Young and Kim, Se Hyun and Kim, Kyoung-Ah and Kim, Yong Sik},
	year = {2021},
	month = {05},
	date = {2021-05},
	journal = {Psychiatry Research},
	pages = {113830},
	volume = {299},
	doi = {10.1016/j.psychres.2021.113830},
	url = {http://dx.doi.org/10.1016/j.psychres.2021.113830},
	langid = {en}
}

@article{oneil2018,
	title = {Efficacy and safety of semaglutide compared with liraglutide and placebo for weight loss in patients with obesity: a randomised, double-blind, placebo and active controlled, dose-ranging, phase 2 trial},
	author = {{O'Neil}, Patrick M and Birkenfeld, Andreas L and McGowan, Barbara and Mosenzon, Ofri and Pedersen, Sue D and Wharton, Sean and Carson, Charlotte Giwercman and Jepsen, Cecilie Heerdegen and Kabisch, Maria and Wilding, John P H},
	year = {2018},
	month = {08},
	date = {2018-08},
	journal = {The Lancet},
	pages = {637--649},
	volume = {392},
	number = {10148},
	doi = {10.1016/s0140-6736(18)31773-2},
	url = {http://dx.doi.org/10.1016/S0140-6736(18)31773-2},
	langid = {en}
}

@article{Wilding2021,
	title = {Once-Weekly Semaglutide in Adults with Overweight or Obesity},
	author = {Wilding, John P.H. and Batterham, Rachel L. and Calanna, Salvatore and Davies, Melanie and Van Gaal, Luc F. and Lingvay, Ildiko and McGowan, Barbara M. and Rosenstock, Julio and Tran, Marie T.D. and Wadden, Thomas A. and Wharton, Sean and Yokote, Koutaro and Zeuthen, Niels and Kushner, Robert F.},
	year = {2021},
	month = {03},
	date = {2021-03-18},
	journal = {New England Journal of Medicine},
	pages = {989--1002},
	volume = {384},
	number = {11},
	doi = {10.1056/nejmoa2032183},
	url = {http://dx.doi.org/10.1056/NEJMoa2032183},
	langid = {en}
}

@article{Dayabandara2017,
	title = {Antipsychotic-associated weight gain: management strategies and impact on treatment adherence},
	author = {Dayabandara, Madhubhashinee and Hanwella, Raveen and Ratnatunga, Suhashini and Seneviratne, Sudarshi and Suraweera, Chathurie and de Silva, Varuni},
	year = {2017},
	month = {08},
	date = {2017-08},
	journal = {Neuropsychiatric Disease and Treatment},
	pages = {2231--2241},
	volume = {Volume 13},
	doi = {10.2147/ndt.s113099},
	url = {http://dx.doi.org/10.2147/NDT.S113099},
	langid = {en}
}

@article{de2016,
	title = {Metformin in prevention and treatment of antipsychotic induced weight gain: a systematic review and meta-analysis},
	author = {de Silva, Varuni Asanka and Suraweera, Chathurie and Ratnatunga, Suhashini S. and Dayabandara, Madhubashinee and Wanniarachchi, Nimali and Hanwella, Raveen},
	year = {2016},
	month = {10},
	date = {2016-10-03},
	journal = {BMC Psychiatry},
	volume = {16},
	number = {1},
	doi = {10.1186/s12888-016-1049-5},
	url = {http://dx.doi.org/10.1186/s12888-016-1049-5},
	langid = {en}
}

@article{jiang2020,
	title = {Adjunctive metformin for antipsychotic-induced dyslipidemia: a meta-analysis of randomized, double-blind, placebo-controlled trials},
	author = {Jiang, Wen-Long and Cai, Dong-Bin and Yin, Fei and Zhang, Ling and Zhao, Xi-Wu and He, Jie and Ng, Chee H. and Ungvari, Gabor S. and Sim, Kang and Hu, Mei-Ling and Zheng, Wei and Xiang, Yu-Tao},
	year = {2020},
	month = {04},
	date = {2020-04-23},
	journal = {Translational Psychiatry},
	volume = {10},
	number = {1},
	doi = {10.1038/s41398-020-0785-y},
	url = {http://dx.doi.org/10.1038/s41398-020-0785-y},
	langid = {en}
}

@article{Mizuno2014,
	title = {Pharmacological Strategies to Counteract Antipsychotic-Induced Weight Gain and Metabolic Adverse Effects in Schizophrenia: A Systematic Review and Meta-analysis},
	author = {Mizuno, Y. and Suzuki, T. and Nakagawa, A. and Yoshida, K. and Mimura, M. and Fleischhacker, W. W. and Uchida, H.},
	year = {2014},
	month = {03},
	date = {2014-03-17},
	journal = {Schizophrenia Bulletin},
	pages = {1385--1403},
	volume = {40},
	number = {6},
	doi = {10.1093/schbul/sbu030},
	url = {http://dx.doi.org/10.1093/schbul/sbu030},
	langid = {en}
}

@article{speyer2019,
	title = {Lifestyle Interventions for Weight Management in People with Serious Mental Illness: A Systematic Review with Meta-Analysis, Trial Sequential Analysis, and Meta-Regression Analysis Exploring the Mediators and Moderators of Treatment Effects},
	author = {Speyer, Helene and Jakobsen, {Ane Storch} and Westergaard, Casper and {Nørgaard}, {Hans Christian Brix} and Pisinger, Charlotta and Krogh, Jesper and {Hjorthøj}, Carsten and Nordentoft, Merete and Gluud, Christian and Correll, {Christoph U.} and {Jørgensen}, {Kirstine Bro}},
	year = {2019},
	date = {2019},
	journal = {Psychotherapy and Psychosomatics},
	pages = {350--362},
	volume = {88},
	number = {6},
	doi = {10.1159/000502293},
	url = {http://dx.doi.org/10.1159/000502293},
	langid = {en}
}

@article{muscatello2010,
	title = {Topiramate augmentation of clozapine in schizophrenia: a double-blind, placebo-controlled study},
	author = {Muscatello, MRA and Bruno, A and Pandolfo, G and {Micò}, U and Bellinghieri, PM and Scimeca, G and Cacciola, M and Campolo, D and Settineri, S and Zoccali, R},
	year = {2010},
	month = {07},
	date = {2010-07-08},
	journal = {Journal of Psychopharmacology},
	pages = {667--674},
	volume = {25},
	number = {5},
	doi = {10.1177/0269881110372548},
	url = {http://dx.doi.org/10.1177/0269881110372548},
	langid = {en}
}

@article{goh2018,
	title = {Topiramate mitigates weight gain in antipsychotic-treated patients with schizophrenia: meta-analysis of randomised controlled trials},
	author = {Goh, Kah Kheng and Chen, Chun-Hsin and Lu, Mong-Liang},
	year = {2018},
	month = {03},
	date = {2018-03-20},
	journal = {International Journal of Psychiatry in Clinical Practice},
	pages = {14--32},
	volume = {23},
	number = {1},
	doi = {10.1080/13651501.2018.1449864},
	url = {http://dx.doi.org/10.1080/13651501.2018.1449864},
	langid = {en}
}

@article{Correll2020,
	title = {Effects of Olanzapine Combined With Samidorphan on Weight Gain in Schizophrenia: A 24-Week Phase 3 Study},
	author = {Correll, Christoph U. and Newcomer, John W. and Silverman, Bernard and DiPetrillo, Lauren and Graham, Christine and Jiang, Ying and Du, Yangchun and Simmons, Adam and Hopkinson, Craig and McDonnell, David and Kahn, {René S.}},
	year = {2020},
	month = {12},
	date = {2020-12-01},
	journal = {American Journal of Psychiatry},
	pages = {1168--1178},
	volume = {177},
	number = {12},
	doi = {10.1176/appi.ajp.2020.19121279},
	url = {http://dx.doi.org/10.1176/appi.ajp.2020.19121279},
	langid = {en}
}

@article{buchanan2020,
	title = {How Much of an Advance Is the Addition of Samidorphan to Olanzapine?},
	author = {Buchanan, Robert W.},
	year = {2020},
	month = {12},
	date = {2020-12-01},
	journal = {American Journal of Psychiatry},
	pages = {1113--1114},
	volume = {177},
	number = {12},
	doi = {10.1176/appi.ajp.2020.20091425},
	url = {http://dx.doi.org/10.1176/appi.ajp.2020.20091425},
	langid = {en}
}

@article{Alvarez-Jiménez2008,
	title = {Non-pharmacological management of antipsychotic-induced weight gain: Systematic review and meta-analysis of randomised controlled trials},
	author = {{Álvarez-Jiménez}, Mario and Hetrick, Sarah E. and {González-Blanch}, {César} and Gleeson, John F. and McGorry, Patrick D.},
	year = {2008},
	month = {08},
	date = {2008-08},
	journal = {British Journal of Psychiatry},
	pages = {101--107},
	volume = {193},
	number = {2},
	doi = {10.1192/bjp.bp.107.042853},
	url = {http://dx.doi.org/10.1192/bjp.bp.107.042853},
	langid = {en}
}

@article{Caemmerer2012,
	title = {Acute and maintenance effects of non-pharmacologic interventions for antipsychotic associated weight gain and metabolic abnormalities: A meta-analytic comparison of randomized controlled trials},
	author = {Caemmerer, Jacqueline and Correll, Christoph U. and Maayan, Lawrence},
	year = {2012},
	month = {09},
	date = {2012-09},
	journal = {Schizophrenia Research},
	pages = {159--168},
	volume = {140},
	number = {1-3},
	doi = {10.1016/j.schres.2012.03.017},
	url = {http://dx.doi.org/10.1016/j.schres.2012.03.017},
	langid = {en}
}

@article{Cohen2002,
	title = {The association between schizophrenia and cancer: a population-based mortality study},
	author = {Cohen, Mary E. and Dembling, Bruce and Schorling, John B.},
	year = {2002},
	month = {10},
	date = {2002-10},
	journal = {Schizophrenia Research},
	pages = {139--146},
	volume = {57},
	number = {2-3},
	doi = {10.1016/s0920-9964(01)00308-5},
	url = {http://dx.doi.org/10.1016/s0920-9964(01)00308-5},
	langid = {en}
}

@article{Mortensen1989,
	title = {The incidence of cancer in schizophrenic patients.},
	author = {Mortensen, P B},
	year = {1989},
	month = {03},
	date = {1989-03-01},
	journal = {Journal of Epidemiology & Community Health},
	pages = {43--47},
	volume = {43},
	number = {1},
	doi = {10.1136/jech.43.1.43},
	url = {http://dx.doi.org/10.1136/jech.43.1.43},
	langid = {en}
}

@article{Lichtermann2001,
	title = {Incidence of Cancer Among Persons With Schizophrenia and Their Relatives},
	author = {Lichtermann, Dirk and Ekelund, Jesper and Pukkala, Eero and Tanskanen, Antti and {Lönnqvist}, Jouko},
	year = {2001},
	month = {06},
	date = {2001-06-01},
	journal = {Archives of General Psychiatry},
	pages = {573},
	volume = {58},
	number = {6},
	doi = {10.1001/archpsyc.58.6.573},
	url = {http://dx.doi.org/10.1001/archpsyc.58.6.573},
	langid = {en}
}

@article{Mortensen1994,
	title = {The occurence of cancer in first admitted schizophrenic patients},
	author = {Mortensen, Preben Bo},
	year = {1994},
	month = {06},
	date = {1994-06},
	journal = {Schizophrenia Research},
	pages = {185--194},
	volume = {12},
	number = {3},
	doi = {10.1016/0920-9964(94)90028-0},
	url = {http://dx.doi.org/10.1016/0920-9964(94)90028-0},
	langid = {en}
}

@article{brown2016,
	title = {Cancer Immune Equilibrium and Schizophrenia Have Similar Interferon-γ, Tumor Necrosis Factor-α, and Interleukin Expression: A Tumor Model of Schizophrenia},
	author = {Brown, James S.},
	year = {2016},
	month = {05},
	date = {2016-05-11},
	journal = {Schizophrenia Bulletin},
	pages = {1407--1417},
	volume = {42},
	number = {6},
	doi = {10.1093/schbul/sbw064},
	url = {http://dx.doi.org/10.1093/schbul/sbw064},
	langid = {en}
}

@article{Jablensky2001,
	title = {Schizophrenia and Cancer},
	author = {Jablensky, Assen and Lawrence, David},
	year = {2001},
	month = {06},
	date = {2001-06-01},
	journal = {Archives of General Psychiatry},
	pages = {579},
	volume = {58},
	number = {6},
	doi = {10.1001/archpsyc.58.6.579},
	url = {http://dx.doi.org/10.1001/archpsyc.58.6.579},
	langid = {en}
}

@article{Mortensen1987,
	title = {Neuroleptic treatment and other factors modifying cancer risk in schizophrenic patients},
	author = {Mortensen, P. B.},
	year = {1987},
	month = {06},
	date = {1987-06},
	journal = {Acta Psychiatrica Scandinavica},
	pages = {585--590},
	volume = {75},
	number = {6},
	doi = {10.1111/j.1600-0447.1987.tb02839.x},
	url = {http://dx.doi.org/10.1111/j.1600-0447.1987.tb02839.x},
	langid = {en}
}

@article{zhuo2019,
	title = {Surprising Anticancer Activities of Psychiatric Medications: Old Drugs Offer New Hope for Patients With Brain Cancer},
	author = {Zhuo, Chuanjun and Xun, Zhiyuan and Hou, Weihong and Ji, Feng and Lin, Xiaodong and Tian, Hongjun and Zheng, Weifang and Chen, Min and Liu, Chuanxin and Wang, Wenqiang and Chen, Ce},
	year = {2019},
	month = {10},
	date = {2019-10-22},
	journal = {Frontiers in Pharmacology},
	volume = {10},
	doi = {10.3389/fphar.2019.01262},
	url = {http://dx.doi.org/10.3389/fphar.2019.01262}
}

@article{Tran2009,
	title = {Cancer mortality in patients with schizophrenia},
	author = {Tran, Eric and Rouillon, {Frédéric} and Loze, Jean-Yves and Casadebaig, {Françoise} and Philippe, Alain and Vitry, Fabien and Limosin, {Frédéric}},
	year = {2009},
	month = {08},
	date = {2009-08-01},
	journal = {Cancer},
	pages = {3555--3562},
	volume = {115},
	number = {15},
	doi = {10.1002/cncr.24383},
	url = {http://dx.doi.org/10.1002/cncr.24383},
	langid = {en}
}

@article{Hodgson2010,
	title = {Review: Cancer and schizophrenia: is there a paradox?},
	author = {Hodgson, Richard and Wildgust, Hiram J and Bushe, Chris J},
	year = {2010},
	month = {10},
	date = {2010-10-05},
	journal = {Journal of Psychopharmacology},
	pages = {51--60},
	volume = {24},
	number = {4{\_}suppl},
	doi = {10.1177/1359786810385489},
	url = {http://dx.doi.org/10.1177/1359786810385489},
	langid = {en}
}

@article{Saudemont2020,
	title = {The use of olanzapine as an antiemetic in palliative medicine: a systematic review of the literature},
	author = {Saudemont, G. and {Prod{\textquoteright}Homme}, C. and Da Silva, A. and Villet, S. and Reich, M. and Penel, N. and Gamblin, V.},
	year = {2020},
	month = {04},
	date = {2020-04-22},
	journal = {BMC Palliative Care},
	volume = {19},
	number = {1},
	doi = {10.1186/s12904-020-00559-4},
	url = {http://dx.doi.org/10.1186/s12904-020-00559-4},
	langid = {en}
}

@article{maeda2020,
	title = {Safety and effectiveness of antipsychotic medication for delirium in patients with advanced cancer: A large-scale multicenter prospective observational study in real-world palliative care settings},
	author = {Maeda, Isseki and Ogawa, Asao and Yoshiuchi, Kazuhiro and Akechi, Tatsuo and Morita, Tatsuya and Oyamada, Shunsuke and Yamaguchi, Takuhiro and Imai, Kengo and Sakashita, Akihiro and Matsumoto, Yoshihisa and Uemura, Keiichi and Nakahara, Rika and Iwase, Satoru},
	year = {2020},
	month = {11},
	date = {2020-11},
	journal = {General Hospital Psychiatry},
	pages = {35--41},
	volume = {67},
	doi = {10.1016/j.genhosppsych.2020.09.001},
	url = {http://dx.doi.org/10.1016/j.genhosppsych.2020.09.001},
	langid = {en}
}

@article{Rahman2014,
	title = {Antipsychotic Treatment in Breast Cancer Patients},
	author = {Rahman, Tahir and Clevenger, Charles V. and Kaklamani, Virginia and Lauriello, John and Campbell, Austin and Malwitz, Kari and Kirkland, Robert S.},
	year = {2014},
	month = {06},
	date = {2014-06},
	journal = {American Journal of Psychiatry},
	pages = {616--621},
	volume = {171},
	number = {6},
	doi = {10.1176/appi.ajp.2013.13050650},
	url = {http://dx.doi.org/10.1176/appi.ajp.2013.13050650},
	langid = {en}
}

@article{fond2019,
	title = {End-of-life care among patients with schizophrenia and cancer: a population-based cohort study from the French national hospital database},
	author = {Fond, Guillaume and Salas, Sebastien and Pauly, Vanessa and Baumstarck, Karine and Bernard, Cecile and Orleans, Veronica and Llorca, Pierre-Michel and Lancon, Christophe and Auquier, Pascal and Boyer, Laurent},
	year = {2019},
	month = {11},
	date = {2019-11},
	journal = {The Lancet Public Health},
	pages = {e583--e591},
	volume = {4},
	number = {11},
	doi = {10.1016/s2468-2667(19)30187-2},
	url = {http://dx.doi.org/10.1016/S2468-2667(19)30187-2},
	langid = {en}
}

@article{Inagaki2006,
	title = {Factors disturbing treatment for cancer in patients with schizophrenia},
	author = {INAGAKI, TAKUJI and YASUKAWA, REI and OKAZAKI, SHIHOH and YASUDA, HIDEAKI and KAWAMUKAI, TETSUYA and UTANI, ETSUKO and HAYASHIDA, MAIKO and MIZUNO, SOICHI and MIYAOKA, TSUYOSHI and SHINNO, HIDETO and HORIGUCHI, JUN},
	year = {2006},
	month = {06},
	date = {2006-06},
	journal = {Psychiatry and Clinical Neurosciences},
	pages = {327--331},
	volume = {60},
	number = {3},
	doi = {10.1111/j.1440-1819.2006.01509.x},
	url = {http://dx.doi.org/10.1111/j.1440-1819.2006.01509.x},
	langid = {en}
}

@article{ethical2017,
	title = {Ethical Management of Patients with Cancer and Mental Illness},
	year = {2017},
	month = {05},
	date = {2017-05-01},
	journal = {AMA Journal of Ethics},
	pages = {444--453},
	volume = {19},
	number = {5},
	doi = {10.1001/journalofethics.2017.19.5.ecas4-1705},
	url = {http://dx.doi.org/10.1001/journalofethics.2017.19.5.ecas4-1705},
	langid = {en}
}

@article{irwin2013,
	title = {Cancer care for individuals with schizophrenia},
	author = {Irwin, Kelly E. and Henderson, David C. and Knight, Helen P. and Pirl, William F.},
	year = {2013},
	month = {10},
	date = {2013-10-21},
	journal = {Cancer},
	pages = {323--334},
	volume = {120},
	number = {3},
	doi = {10.1002/cncr.28431},
	url = {http://dx.doi.org/10.1002/cncr.28431},
	langid = {en}
}

@article{Chen2009,
	title = {Prevalence and risk of atopic disorders among schizophrenia patients: A nationwide population based study},
	author = {Chen, Yi-Hua and Lee, Hsin-Chien and Lin, Herng-Ching},
	year = {2009},
	month = {03},
	date = {2009-03},
	journal = {Schizophrenia Research},
	pages = {191--196},
	volume = {108},
	number = {1-3},
	doi = {10.1016/j.schres.2008.12.021},
	url = {http://dx.doi.org/10.1016/j.schres.2008.12.021},
	langid = {en}
}

@article{Pedersen2012,
	title = {Schizophrenia in patients with atopic disorders with particular emphasis on asthma: A Danish population-based study},
	author = {Pedersen, Michael S. and Benros, Michael E. and Agerbo, Esben and {Børglum}, Anders D. and Mortensen, Preben B.},
	year = {2012},
	month = {06},
	date = {2012-06},
	journal = {Schizophrenia Research},
	pages = {58--62},
	volume = {138},
	number = {1},
	doi = {10.1016/j.schres.2012.02.019},
	url = {http://dx.doi.org/10.1016/j.schres.2012.02.019},
	langid = {en}
}

@article{Wang2017,
	title = {Asthma, corticosteroid use and schizophrenia: A nationwide population-based study in Taiwan},
	author = {Wang, Wei-Chen and Lu, Mong-Liang and Chen, Vincent Chin-Hung and Ng, Mei-Hing and Huang, Kuo-You and Hsieh, Ming-Hong and Hsieh, Meng-Jer and McIntyre, Roger S. and Lee, Yena and Lee, Charles Tzu-Chi},
	editor = {Wu, Ping-Hsun},
	year = {2017},
	month = {03},
	date = {2017-03-28},
	journal = {PLOS ONE},
	pages = {e0173063},
	volume = {12},
	number = {3},
	doi = {10.1371/journal.pone.0173063},
	url = {http://dx.doi.org/10.1371/journal.pone.0173063},
	langid = {en}
}

@article{Suetani2021,
	title = {Increased rates of respiratory disease in schizophrenia: A systematic review and meta-analysis including 619,214 individuals with schizophrenia and 52,159,551 controls},
	author = {Suetani, Shuichi and Honarparvar, Faraz and Siskind, Dan and Hindley, Guy and Veronese, Nicola and Vancampfort, Davy and Allen, Lauren and Solmi, Marco and Lally, John and Gaughran, Fiona and Stubbs, Brendon and Pillinger, Toby},
	year = {2021},
	month = {11},
	date = {2021-11},
	journal = {Schizophrenia Research},
	pages = {131--140},
	volume = {237},
	doi = {10.1016/j.schres.2021.08.022},
	url = {http://dx.doi.org/10.1016/j.schres.2021.08.022},
	langid = {en}
}

@article{leigh1953,
	title = {Asthma and Psychosis},
	author = {Leigh, Denis and Doust, John W. Lovett},
	year = {1953},
	month = {07},
	date = {1953-07},
	journal = {Journal of Mental Science},
	pages = {489--496},
	volume = {99},
	number = {416},
	doi = {10.1192/bjp.99.416.489},
	url = {https://www.cambridge.org/core/product/identifier/S0368315X00037294/type/journal_article},
	langid = {en}
}

@article{Eaton2006,
	title = {Association of Schizophrenia and Autoimmune Diseases: Linkage of Danish National Registers},
	author = {Eaton, William W. and Byrne, Majella and Ewald, Henrik and Mors, Ole and Chen, Chuan-Yu and Agerbo, Esben and Mortensen, Preben Bo},
	year = {2006},
	month = {03},
	date = {2006-03},
	journal = {American Journal of Psychiatry},
	pages = {521--528},
	volume = {163},
	number = {3},
	doi = {10.1176/appi.ajp.163.3.521},
	url = {http://dx.doi.org/10.1176/appi.ajp.163.3.521},
	langid = {en}
}

@article{Allebeck1985,
	title = {Incidence of rheumatoid arthritis among patients with schizophrenia, affective psychosis and neurosis},
	author = {Allebeck, P. and Rodvall, Y. and Wistedt, B.},
	year = {1985},
	month = {06},
	date = {1985-06},
	journal = {Acta Psychiatrica Scandinavica},
	pages = {615--619},
	volume = {71},
	number = {6},
	doi = {10.1111/j.1600-0447.1985.tb02556.x},
	url = {http://dx.doi.org/10.1111/j.1600-0447.1985.tb02556.x},
	langid = {en}
}

@article{Eaton1992,
	title = {Schizophrenia and rheumatoid arthritis: a review},
	author = {Eaton, William W and Hayward, Chris and Ram, Ranganathan},
	year = {1992},
	month = {03},
	date = {1992-03},
	journal = {Schizophrenia Research},
	pages = {181--192},
	volume = {6},
	number = {3},
	doi = {10.1016/0920-9964(92)90001-l},
	url = {http://dx.doi.org/10.1016/0920-9964(92)90001-l},
	langid = {en}
}

@article{Mors1999,
	title = {A population-based register study of the association between schizophrenia and rheumatoid arthritis},
	author = {Mors, O and Mortensen, P.B and Ewald, H},
	year = {1999},
	month = {11},
	date = {1999-11},
	journal = {Schizophrenia Research},
	pages = {67--74},
	volume = {40},
	number = {1},
	doi = {10.1016/s0920-9964(99)00030-4},
	url = {http://dx.doi.org/10.1016/s0920-9964(99)00030-4},
	langid = {en}
}


@article{Oken1999a,
}

@article{oken1999,
	title = {At issue: schizophrenia and rheumatoid arthritis: the negative association revisited},
	author = {Oken, R. J. and Schulzer, M.},
	year = {1999},
	date = {1999},
	journal = {Schizophrenia Bulletin},
	pages = {625--638},
	volume = {25},
	number = {4},
	doi = {10.1093/oxfordjournals.schbul.a033407},
	note = {PMID: 10667736},
	langid = {eng}
}


@article{ohtsuki2002,
	title = {Lack of evidence for associations between plasma platelet-activating factor acetylhydrolase deficiency and schizophrenia},
	author = {Ohtsuki, Tsuyuka and Watanabe, Hideki and Toru, Michio and Arinami, Tadao},
	year = {2002},
	month = {01},
	date = {2002-01-31},
	journal = {Psychiatry Research},
	pages = {93--96},
	volume = {109},
	number = {1},
	doi = {10.1016/s0165-1781(01)00353-5},
	note = {PMID: 11850055},
	langid = {eng}
}

@article{Pollock1987,
	title = {Models for understanding the antagonism between seizures and psychosis},
	author = {Pollock, Daniel C.},
	year = {1987},
	month = {01},
	date = {1987-01},
	journal = {Progress in Neuro-Psychopharmacology and Biological Psychiatry},
	pages = {483--504},
	volume = {11},
	number = {4},
	doi = {10.1016/0278-5846(87)90017-0},
	url = {http://dx.doi.org/10.1016/0278-5846(87)90017-0},
	langid = {en}
}

@article{Krishnamoorthy2002,
	title = {Forced normalization at the interface between epilepsy and psychiatry},
	author = {Krishnamoorthy, E.S and Trimble, M.R and Sander, J.W.A.S and Kanner, Andres M},
	year = {2002},
	month = {08},
	date = {2002-08},
	journal = {Epilepsy & Behavior},
	pages = {303--308},
	volume = {3},
	number = {4},
	doi = {10.1016/s1525-5050(02)00052-5},
	url = {http://dx.doi.org/10.1016/s1525-5050(02)00052-5},
	langid = {en}
}

@article{wolf1985,
	title = {Biological Antagonism and Epileptic Psychosis},
	author = {Wolf, P. and Trimble, M. R.},
	year = {1985},
	month = {03},
	date = {1985-03},
	journal = {British Journal of Psychiatry},
	pages = {272--276},
	volume = {146},
	number = {3},
	doi = {10.1192/bjp.146.3.272},
	url = {http://dx.doi.org/10.1192/bjp.146.3.272},
	langid = {en}
}

@article{Clarke2012,
	title = {Evidence for Shared Susceptibility to Epilepsy and Psychosis: A Population-Based Family Study},
	author = {Clarke, Mary C. and Tanskanen, Antti and Huttunen, Matti O. and Clancy, Maurice and Cotter, David R. and Cannon, Mary},
	year = {2012},
	month = {05},
	date = {2012-05},
	journal = {Biological Psychiatry},
	pages = {836--839},
	volume = {71},
	number = {9},
	doi = {10.1016/j.biopsych.2012.01.011},
	url = {http://dx.doi.org/10.1016/j.biopsych.2012.01.011},
	langid = {en}
}

@article{Clancy2014,
	title = {The prevalence of psychosis in epilepsy; a systematic review and meta-analysis},
	author = {Clancy, Maurice J and Clarke, Mary C and Connor, Dearbhla J and Cannon, Mary and Cotter, David R},
	year = {2014},
	month = {03},
	date = {2014-03-13},
	journal = {BMC Psychiatry},
	volume = {14},
	number = {1},
	doi = {10.1186/1471-244x-14-75},
	url = {http://dx.doi.org/10.1186/1471-244X-14-75},
	langid = {en}
}

@article{Hüfner2015,
	title = {Neurology Issues in Schizophrenia},
	author = {{Hüfner}, Katharina and Frajo-Apor, Beatrice and Hofer, Alex},
	year = {2015},
	month = {03},
	date = {2015-03-17},
	journal = {Current Psychiatry Reports},
	volume = {17},
	number = {5},
	doi = {10.1007/s11920-015-0570-4},
	url = {http://dx.doi.org/10.1007/s11920-015-0570-4},
	langid = {en}
}

@article{chang2011,
	title = {Nonconvulsive Status Epilepticus},
	author = {Chang, Andrew K. and Shinnar, Shlomo},
	year = {2011},
	month = {02},
	date = {2011-02},
	journal = {Emergency Medicine Clinics of North America},
	pages = {65--72},
	volume = {29},
	number = {1},
	doi = {10.1016/j.emc.2010.08.006},
	url = {http://dx.doi.org/10.1016/j.emc.2010.08.006},
	langid = {en}
}

@article{Wotton2012,
	title = {Coexistence of schizophrenia and epilepsy: Record-linkage studies},
	author = {Wotton, Clare J. and Goldacre, Michael J.},
	year = {2012},
	month = {01},
	date = {2012-01-31},
	journal = {Epilepsia},
	pages = {e71--e74},
	volume = {53},
	number = {4},
	doi = {10.1111/j.1528-1167.2011.03390.x},
	url = {http://dx.doi.org/10.1111/j.1528-1167.2011.03390.x},
	langid = {en}
}

@article{Marsh2001,
	title = {Structural brain abnormalities in patients with schizophrenia, epilepsy, and epilepsy with chronic interictal psychosis},
	author = {Marsh, Laura and Sullivan, Edith V and Morrell, Martha and Lim, Kelvin O and Pfefferbaum, Adolf},
	year = {2001},
	month = {11},
	date = {2001-11},
	journal = {Psychiatry Research: Neuroimaging},
	pages = {1--15},
	volume = {108},
	number = {1},
	doi = {10.1016/s0925-4927(01)00115-9},
	url = {http://dx.doi.org/10.1016/s0925-4927(01)00115-9},
	langid = {en}
}

@article{Amann2003,
	title = {EEG abnormalities associated with antipsychotics: a comparison of quetiapine, olanzapine, haloperidol and healthy subjects},
	author = {Amann, Benedikt L. and Pogarell, Oliver and Mergl, Roland and Juckel, Georg and Grunze, Heinz and Mulert, Christoph and Hegerl, Ulrich},
	year = {2003},
	date = {2003},
	journal = {Human Psychopharmacology: Clinical and Experimental},
	pages = {641--646},
	volume = {18},
	number = {8},
	doi = {10.1002/hup.537},
	url = {http://dx.doi.org/10.1002/hup.537},
	langid = {en}
}

@article{Hedges2003,
	title = {Antipsychotic medication and seizures: A review},
	author = {Hedges, D. and Jeppson, K. and Whitehead, P.},
	year = {2003},
	date = {2003},
	journal = {Drugs of Today},
	pages = {551},
	volume = {39},
	number = {7},
	doi = {10.1358/dot.2003.39.7.799445},
	url = {http://dx.doi.org/10.1358/dot.2003.39.7.799445},
	langid = {en}
}

@article{lertxundi2013,
	title = {Antipsychotics and seizures: Higher risk with atypicals?},
	author = {Lertxundi, Unax and Hernandez, Rafael and Medrano, Juan and Domingo-Echaburu, Saioa and {García}, Monserrat and Aguirre, Carmelo},
	year = {2013},
	month = {03},
	date = {2013-03},
	journal = {Seizure},
	pages = {141--143},
	volume = {22},
	number = {2},
	doi = {10.1016/j.seizure.2012.10.009},
	url = {http://dx.doi.org/10.1016/j.seizure.2012.10.009},
	langid = {en}
}

@article{Shafaroodi2015,
	title = {The effect of acute aripiprazole treatment on chemically and electrically induced seizures in mice: The role of nitric oxide},
	author = {Shafaroodi, Hamed and Oveisi, Simin and Hosseini, Mahsa and Niknahad, Hossein and Moezi, Leila},
	year = {2015},
	month = {07},
	date = {2015-07},
	journal = {Epilepsy & Behavior},
	pages = {35--40},
	volume = {48},
	doi = {10.1016/j.yebeh.2015.05.018},
	url = {http://dx.doi.org/10.1016/j.yebeh.2015.05.018},
	langid = {en}
}

@article{citraro2014,
	title = {Comparative Analysis of the Treatment of Chronic Antipsychotic Drugs on Epileptic Susceptibility in Genetically Epilepsy-prone Rats},
	author = {Citraro, Rita and Leo, Antonio and Aiello, Rossana and Pugliese, Michela and Russo, Emilio and De Sarro, Giovambattista},
	year = {2014},
	month = {11},
	date = {2014-11-18},
	journal = {Neurotherapeutics},
	pages = {250--262},
	volume = {12},
	number = {1},
	doi = {10.1007/s13311-014-0318-6},
	url = {http://dx.doi.org/10.1007/s13311-014-0318-6},
	langid = {en}
}

@article{Agrawal2019,
	title = {Treatment of psychoses in patients with epilepsy: an update},
	author = {Agrawal, Niruj and Mula, Marco},
	year = {2019},
	month = {01},
	date = {2019-01},
	journal = {Therapeutic Advances in Psychopharmacology},
	pages = {204512531986296},
	volume = {9},
	doi = {10.1177/2045125319862968},
	url = {http://dx.doi.org/10.1177/2045125319862968},
	langid = {en}
}

@article{Viertiö2007,
	title = {Visual impairment in persons with psychotic disorder},
	author = {{Viertiö}, Satu and Laitinen, Arja and {Perälä}, Jonna and Saarni, Samuli I. and Koskinen, Seppo and {Lönnqvist}, Jouko and Suvisaari, Jaana},
	year = {2007},
	month = {09},
	date = {2007-09-10},
	journal = {Social Psychiatry and Psychiatric Epidemiology},
	pages = {902--908},
	volume = {42},
	number = {11},
	doi = {10.1007/s00127-007-0252-6},
	url = {http://dx.doi.org/10.1007/s00127-007-0252-6},
	langid = {en}
}

@article{Souza2008,
	title = {Cataract occurrence in patients treated with antipsychotic drugs},
	author = {Souza, {Valéria Barreto Novais e} and Moura Filho, {Francisco José Rodrigues de} and Souza, {Fábio Gomes de Matos e} and Rocha, Camila Farias and Furtado, {Fernando Antônio Mendes Lopes} and {Gonçalves}, Tiago Bessa Almeida and Vasconcelos, Karla Feitosa Ximenes},
	year = {2008},
	month = {09},
	date = {2008-09},
	journal = {Revista Brasileira de Psiquiatria},
	pages = {222--226},
	volume = {30},
	number = {3},
	doi = {10.1590/s1516-44462008000300008},
	url = {http://dx.doi.org/10.1590/s1516-44462008000300008}
}

@article{Smith1997,
	title = {Ocular Abnormalities in Chronic Schizophrenia: Clinical Implications},
	author = {Smith, Deidre and Pantelis, Christos and McGrath, John and Tangas, Christine and Copolov, David},
	year = {1997},
	month = {04},
	date = {1997-04},
	journal = {Australian & New Zealand Journal of Psychiatry},
	pages = {252--256},
	volume = {31},
	number = {2},
	doi = {10.3109/00048679709073828},
	url = {http://dx.doi.org/10.3109/00048679709073828},
	langid = {en}
}

@article{Schiffman2006,
	title = {Premorbid childhood ocular alignment abnormalities and adult schizophrenia-spectrum disorder},
	author = {Schiffman, Jason and Maeda, Justin A. and Hayashi, Kentaro and Michelsen, Niels and Sorensen, Holger J. and Ekstrom, Morton and Abe, Kylie A. and Chronicle, Edward P. and Mednick, Sarnoff A.},
	year = {2006},
	month = {01},
	date = {2006-01},
	journal = {Schizophrenia Research},
	pages = {253--260},
	volume = {81},
	number = {2-3},
	doi = {10.1016/j.schres.2005.08.008},
	url = {http://dx.doi.org/10.1016/j.schres.2005.08.008},
	langid = {en}
}

@article{Yoshitsugu2006,
	title = {A novel scale including strabismus and {\textquoteleft}cuspidal ear{\textquoteright} for distinguishing schizophrenia patients from controls using minor physical anomalies},
	author = {Yoshitsugu, Kiyoshi and Yamada, Kazuo and Toyota, Tomoko and Aoki-Suzuki, Mika and Minabe, Yoshio and Nakamura, Kazuhiko and Sekine, Yoshimoto and Suzuki, Katsuaki and Takei, Noriyoshi and Itokawa, Masanari and Mori, Norio and Yoshikawa, Takeo},
	year = {2006},
	month = {12},
	date = {2006-12},
	journal = {Psychiatry Research},
	pages = {249--258},
	volume = {145},
	number = {2-3},
	doi = {10.1016/j.psychres.2005.10.013},
	url = {http://dx.doi.org/10.1016/j.psychres.2005.10.013},
	langid = {en}
}

@article{Silverstein2015,
	title = {Schizophrenia and the eye},
	author = {Silverstein, Steven M. and Rosen, Richard},
	year = {2015},
	month = {06},
	date = {2015-06},
	journal = {Schizophrenia Research: Cognition},
	pages = {46--55},
	volume = {2},
	number = {2},
	doi = {10.1016/j.scog.2015.03.004},
	url = {http://dx.doi.org/10.1016/j.scog.2015.03.004},
	langid = {en}
}

@article{almonte2020,
	title = {Retinal correlates of psychiatric disorders},
	author = {Almonte, Melanie T. and {Capellàn}, Pamela and Yap, Timothy E. and Cordeiro, Maria Francesca},
	year = {2020},
	month = {01},
	date = {2020-01},
	journal = {Therapeutic Advances in Chronic Disease},
	pages = {204062232090521},
	volume = {11},
	doi = {10.1177/2040622320905215},
	url = {http://dx.doi.org/10.1177/2040622320905215},
	langid = {en}
}

@article{Misra2004,
	title = {Effects of Psychiatric Disorders and Psychotropic Medications on Prolactin and Bone Metabolism},
	author = {Misra, Madhusmita and Papakostas, George I. and Klibanski, Anne},
	year = {2004},
	month = {12},
	date = {2004-12-15},
	journal = {The Journal of Clinical Psychiatry},
	pages = {1607--1618},
	volume = {65},
	number = {12},
	doi = {10.4088/jcp.v65n1205},
	url = {http://dx.doi.org/10.4088/jcp.v65n1205}
}

@article{Hummer2005,
	title = {Osteoporosis in Patients With Schizophrenia},
	author = {Hummer, Martina and Malik, Peter and Gasser, Rudolf W. and Hofer, Alex and Kemmler, Georg and Moncayo Naveda, Roy Cesar and Rettenbacher, Maria A. and Fleischhacker, W. Wolfgang},
	year = {2005},
	month = {01},
	date = {2005-01},
	journal = {American Journal of Psychiatry},
	pages = {162--167},
	volume = {162},
	number = {1},
	doi = {10.1176/appi.ajp.162.1.162},
	url = {http://dx.doi.org/10.1176/appi.ajp.162.1.162},
	langid = {en}
}

@article{Paller2009,
	title = {Relationship of sex steroid hormones with bone mineral density (BMD) in a nationally representative sample of men},
	author = {Paller, Channing J. and Shiels, Meredith S. and Rohrmann, Sabine and Basaria, Shehzad and Rifai, Nader and Nelson, William and Platz, Elizabeth A. and Dobs, Adrian},
	year = {2009},
	month = {01},
	date = {2009-01},
	journal = {Clinical Endocrinology},
	pages = {26--34},
	volume = {70},
	number = {1},
	doi = {10.1111/j.1365-2265.2008.03300.x},
	url = {http://dx.doi.org/10.1111/j.1365-2265.2008.03300.x},
	langid = {en}
}

@article{Akhondzadeh2006,
	title = {Correlation between testosterone, gonadotropins and prolactin and severity of negative symptoms in male patients with chronic schizophrenia},
	author = {Akhondzadeh, Shahin and Rezaei, Farzin and Larijani, Bagher and Nejatisafa, Ali-Akbar and Kashani, Ladan and Abbasi, Seyed Hesameddin},
	year = {2006},
	month = {06},
	date = {2006-06},
	journal = {Schizophrenia Research},
	pages = {405--410},
	volume = {84},
	number = {2-3},
	doi = {10.1016/j.schres.2006.02.008},
	url = {http://dx.doi.org/10.1016/j.schres.2006.02.008},
	langid = {en}
}

@article{meaney2004,
	title = {Effects of long-term prolactin-raising antipsychotic medication on bone mineral density in patients with schizophrenia},
	author = {Meaney, Anna Maria and Smith, Shubulade and Howes, O. D. and {O'Brien}, Moira and Murray, Robin M. and {O'Keane}, Veronica},
	year = {2004},
	month = {06},
	date = {2004-06},
	journal = {British Journal of Psychiatry},
	pages = {503--508},
	volume = {184},
	number = {6},
	doi = {10.1192/bjp.184.6.503},
	url = {http://dx.doi.org/10.1192/bjp.184.6.503},
	langid = {en}
}

@article{Stubbs2015,
	title = {Schizophrenia and the risk of fractures: a systematic review and comparative meta-analysis},
	author = {Stubbs, Brendon and Gaughran, Fiona and Mitchell, Alex J. and De Hert, Marc and Farmer, Ross and Soundy, Andrew and Rosenbaum, Simon and Vancampfort, Davy},
	year = {2015},
	month = {03},
	date = {2015-03},
	journal = {General Hospital Psychiatry},
	pages = {126--133},
	volume = {37},
	number = {2},
	doi = {10.1016/j.genhosppsych.2015.01.004},
	url = {http://dx.doi.org/10.1016/j.genhosppsych.2015.01.004},
	langid = {en}
}

@article{gardner2014,
	title = {Medication prescribing in liver dysfunction},
	author = {Gardner, Kristen N. and Bostwick, Jolene R.},
	year = {2014},
	month = {05},
	date = {2014-05-01},
	journal = {Mental Health Clinician},
	pages = {131--137},
	volume = {4},
	number = {3},
	doi = {10.9740/mhc.n197913},
	url = {http://dx.doi.org/10.9740/mhc.n197913},
	langid = {en}
}

@article{Caccia2010,
	title = {New atypical antipsychotics for schizophrenia: iloperidone},
	author = {Caccia, Silvio},
	year = {2010},
	month = {02},
	date = {2010-02},
	journal = {Drug Design, Development and Therapy},
	pages = {33},
	doi = {10.2147/dddt.s6443},
	url = {http://dx.doi.org/10.2147/dddt.s6443},
	langid = {en}
}

@article{atasoy2007,
	title = {A review of liver function tests during treatment with atypical antipsychotic drugs: A chart review study},
	author = {Atasoy, Nuray and Erdogan, Ayten and Yalug, Irem and Ozturk, Ulkem and Konuk, Numan and Atik, Levent and Ustundag, Yucel},
	year = {2007},
	month = {08},
	date = {2007-08},
	journal = {Progress in Neuro-Psychopharmacology and Biological Psychiatry},
	pages = {1255--1260},
	volume = {31},
	number = {6},
	doi = {10.1016/j.pnpbp.2007.05.005},
	url = {http://dx.doi.org/10.1016/j.pnpbp.2007.05.005},
	langid = {en}
}

@article{Marwick2012,
	title = {Antipsychotics and Abnormal Liver Function Tests},
	author = {Marwick, Katie F.M. and Taylor, Mark and Walker, Simon W.},
	year = {2012},
	month = {09},
	date = {2012-09},
	journal = {Clinical Neuropharmacology},
	pages = {244--253},
	volume = {35},
	number = {5},
	doi = {10.1097/wnf.0b013e31826818b6},
	url = {http://dx.doi.org/10.1097/WNF.0b013e31826818b6},
	langid = {en}
}

@article{Voican2014,
	title = {Antidepressant-Induced Liver Injury: A Review for Clinicians},
	author = {Voican, Cosmin Sebastian and Corruble, Emmanuelle and Naveau, Sylvie and Perlemuter, Gabriel},
	year = {2014},
	month = {04},
	date = {2014-04},
	journal = {American Journal of Psychiatry},
	pages = {404--415},
	volume = {171},
	number = {4},
	doi = {10.1176/appi.ajp.2013.13050709},
	url = {http://dx.doi.org/10.1176/appi.ajp.2013.13050709},
	langid = {en}
}

@article{matic2018,
	title = {Drug-induced toxic hepatitis associated with the combination of quetiapine and fluphenazine: A case report},
	author = {{Mati{\'{c}}}, K. and {Mihaljevi{\'{c}} Pele{\v{s}}}, A.},
	year = {2018},
	month = {10},
	date = {2018-10},
	journal = {The European Journal of Psychiatry},
	pages = {192--194},
	volume = {32},
	number = {4},
	doi = {10.1016/j.ejpsy.2018.05.001},
	url = {http://dx.doi.org/10.1016/j.ejpsy.2018.05.001},
	langid = {en}
}

@article{druschky2020,
	title = {Severe drug-induced liver injury in patients under treatment with antipsychotic drugs: Data from the AMSP study},
	author = {Druschky, Katrin and Toto, Sermin and Bleich, Stefan and {Baumgärtner}, Jessica and Engel, Rolf R. and Grohmann, Renate and Maier, Hannah B. and Neyazi, Alexandra and Rudolph, Yannick J. and {Rüther}, Eckart and {Schwörer}, Harald and Seifert, Johanna and {Stübner}, Susanne and Degner, Detlef},
	year = {2020},
	month = {09},
	date = {2020-09-28},
	journal = {The World Journal of Biological Psychiatry},
	pages = {373--386},
	volume = {22},
	number = {5},
	doi = {10.1080/15622975.2020.1819565},
	url = {http://dx.doi.org/10.1080/15622975.2020.1819565},
	langid = {en}
}

@article{Jessurun2013,
	title = {The Effect of Psychotropic Medications on the Occurrence of Constipation in Hospitalized Psychiatric Patients},
	author = {Jessurun, Janique G. and van Harten, Peter N. and Egberts, Toine C.G. and Pijl, Bram J. and Wilting, Ingeborg and Tenback, Diederik E.},
	year = {2013},
	month = {08},
	date = {2013-08},
	journal = {Journal of Clinical Psychopharmacology},
	pages = {587--590},
	volume = {33},
	number = {4},
	doi = {10.1097/jcp.0b013e318299d2bd},
	url = {http://dx.doi.org/10.1097/JCP.0b013e318299d2bd},
	langid = {en}
}

@article{Every-Palmer2017,
	title = {Clozapine-Induced Gastrointestinal Hypomotility: A 22-Year Bi-National Pharmacovigilance Study of Serious or Fatal {\textquoteleft}Slow Gut{\textquoteright} Reactions, and Comparison with International Drug Safety Advice},
	author = {Every-Palmer, Susanna and Ellis, Pete M},
	year = {2017},
	month = {06},
	date = {2017-06-16},
	journal = {CNS Drugs},
	pages = {699--709},
	volume = {31},
	number = {8},
	doi = {10.1007/s40263-017-0448-6},
	url = {http://dx.doi.org/10.1007/s40263-017-0448-6},
	langid = {en}
}

@article{every-palmer2020,
	title = {Constipation screening in people taking clozapine: A diagnostic accuracy study},
	author = {Every-Palmer, Susanna and Inns, Stephen J. and Ellis, Pete M.},
	year = {2020},
	month = {06},
	date = {2020-06},
	journal = {Schizophrenia Research},
	pages = {179--186},
	volume = {220},
	doi = {10.1016/j.schres.2020.03.032},
	url = {http://dx.doi.org/10.1016/j.schres.2020.03.032},
	langid = {en}
}

@article{Damodaran2020,
	title = {An Open-Label, Head to Head Comparison Study between Prucalopride and Lactulose for Clozapine Induced Constipation in Patients with Treatment Resistant Schizophrenia},
	author = {Damodaran, Ishwary and Hui, Koh Ong and Nordin, Amer Siddiq Amer and Yee, Anne and Gill, Jesjeet Singh and Francis, Benedict and Azhar, Fatin Liyana and Sulaiman, Ahmad Hatim},
	year = {2020},
	month = {12},
	date = {2020-12-03},
	journal = {Healthcare},
	pages = {533},
	volume = {8},
	number = {4},
	doi = {10.3390/healthcare8040533},
	url = {http://dx.doi.org/10.3390/healthcare8040533},
	langid = {en}
}

@article{Severance2015,
	title = {Gastroenterology Issues in Schizophrenia: Why the Gut Matters},
	author = {Severance, Emily G. and Prandovszky, Emese and Castiglione, James and Yolken, Robert H.},
	year = {2015},
	month = {03},
	date = {2015-03-15},
	journal = {Current Psychiatry Reports},
	volume = {17},
	number = {5},
	doi = {10.1007/s11920-015-0574-0},
	url = {http://dx.doi.org/10.1007/s11920-015-0574-0},
	langid = {en}
}

@article{valles-colomer2019,
	title = {The neuroactive potential of the human gut microbiota in quality of life and depression},
	author = {Valles-Colomer, Mireia and Falony, Gwen and Darzi, Youssef and Tigchelaar, Ettje F. and Wang, Jun and Tito, Raul Y. and Schiweck, Carmen and Kurilshikov, Alexander and Joossens, Marie and Wijmenga, Cisca and Claes, Stephan and Van Oudenhove, Lukas and Zhernakova, Alexandra and Vieira-Silva, Sara and Raes, Jeroen},
	year = {2019},
	month = {02},
	date = {2019-02-04},
	journal = {Nature Microbiology},
	pages = {623--632},
	volume = {4},
	number = {4},
	doi = {10.1038/s41564-018-0337-x},
	url = {http://dx.doi.org/10.1038/s41564-018-0337-x},
	langid = {en}
}

@article{severance2020,
	title = {Complex Gastrointestinal and Endocrine Sources of Inflammation in Schizophrenia},
	author = {Severance, Emily G. and Dickerson, Faith and Yolken, Robert H.},
	year = {2020},
	month = {06},
	date = {2020-06-16},
	journal = {Frontiers in Psychiatry},
	volume = {11},
	doi = {10.3389/fpsyt.2020.00549},
	url = {http://dx.doi.org/10.3389/fpsyt.2020.00549}
}

@article{sheehan2010,
	title = {Atypical Antipsychotic Metabolism and Excretion},
	author = {Sheehan, J.J. and Sliwa, J.K. and Amatniek, J.C. and Grinspan, A. and Canuso, C.M.},
	year = {2010},
	month = {07},
	date = {2010-07-01},
	journal = {Current Drug Metabolism},
	pages = {516--525},
	volume = {11},
	number = {6},
	doi = {10.2174/138920010791636202},
	url = {http://dx.doi.org/10.2174/138920010791636202},
	langid = {en}
}

@article{Baghdady2009,
	title = {Psychotropic drugs and renal failure: Translating the evidence for clinical practice},
	author = {Baghdady, Nour T. and Banik, Suman and Swartz, Shari A. and McIntyre, Roger S.},
	year = {2009},
	month = {04},
	date = {2009-04},
	journal = {Advances in Therapy},
	pages = {404--424},
	volume = {26},
	number = {4},
	doi = {10.1007/s12325-009-0021-x},
	url = {http://dx.doi.org/10.1007/s12325-009-0021-x},
	langid = {en}
}

@article{appenrodt2018,
	title = {Renal Failure in Patients with Liver Cirrhosis: Novel Classifications, Biomarkers, Treatment},
	author = {Appenrodt, Beate and Lammert, Frank},
	year = {2018},
	date = {2018},
	journal = {Visceral Medicine},
	pages = {246--252},
	volume = {34},
	number = {4},
	doi = {10.1159/000492587},
	url = {http://dx.doi.org/10.1159/000492587},
	langid = {en}
}

@article{hou2014,
	title = {Long-Term and Short-Term Effects of Hemodialysis on Liver Function Evaluated Using the Galactose Single-Point Test},
	author = {Hou, Yi-Chou and Liu, Wen-Chih and Liao, Min-Tser and Lu, Kuo-Cheng and Lo, Lan and Pan, Heng-Chih and Wu, Chia-Chao and Hu, Oliver Yoa-Pu and Tang, Hung-Shang},
	year = {2014},
	date = {2014},
	journal = {The Scientific World Journal},
	pages = {1--6},
	volume = {2014},
	doi = {10.1155/2014/260939},
	url = {http://dx.doi.org/10.1155/2014/260939},
	langid = {en}
}
