
@inbook{uddin2017,
	title = {Functions of the Salience Network},
	author = {Uddin, Lucina Q.},
	year = {2017},
	date = {2017},
	publisher = {Elsevier},
	pages = {11--16},
	doi = {10.1016/b978-0-12-804593-0.00003-5},
	url = {http://dx.doi.org/10.1016/B978-0-12-804593-0.00003-5}
}

@article{cooper2017,
	title = {Reward Circuitry in Addiction},
	author = {Cooper, Sarah and Robison, A. J. and Mazei-Robison, Michelle S.},
	year = {2017},
	month = {03},
	date = {2017-03-21},
	journal = {Neurotherapeutics},
	pages = {687--697},
	volume = {14},
	number = {3},
	doi = {10.1007/s13311-017-0525-z},
	url = {http://dx.doi.org/10.1007/s13311-017-0525-z},
	langid = {en}
}

@article{bagseoyeon2014,
	title = {중독이란 무엇인가( I ) - 병태생리 및 치료적 함의 -},
	author = {{박서연},  and {강웅구}, },
	year = {2014},
	date = {2014},
	journal = {중독정신의학},
	pages = {3--16},
	volume = {18},
	number = {1},
	url = {https://kmbase.medric.or.kr/Main.aspx?d=KMBASE&i=0870520140180010003&m=VIEW},
	note = {Publisher: 한국중독정신의학회},
	langid = {KOR}
}

@article{koob2009,
	title = {Neurocircuitry of Addiction},
	author = {Koob, George F and Volkow, Nora D},
	year = {2009},
	month = {08},
	date = {2009-08-26},
	journal = {Neuropsychopharmacology},
	pages = {217--238},
	volume = {35},
	number = {1},
	doi = {10.1038/npp.2009.110},
	url = {http://dx.doi.org/10.1038/npp.2009.110},
	langid = {en}
}

@article{volkow2011,
	title = {Addiction: Beyond dopamine reward circuitry},
	author = {Volkow, Nora D. and Wang, Gene-Jack and Fowler, Joanna S. and Tomasi, Dardo and Telang, Frank},
	year = {2011},
	month = {03},
	date = {2011-03-14},
	journal = {Proceedings of the National Academy of Sciences},
	pages = {15037--15042},
	volume = {108},
	number = {37},
	doi = {10.1073/pnas.1010654108},
	url = {http://dx.doi.org/10.1073/pnas.1010654108},
	langid = {en}
}

@article{herman2015,
	title = {The addicted brain: understanding the neurophysiological mechanisms of addictive disorders},
	author = {Herman, Melissa A. and Roberto, Marisa},
	year = {2015},
	month = {03},
	date = {2015-03-19},
	journal = {Frontiers in Integrative Neuroscience},
	volume = {9},
	doi = {10.3389/fnint.2015.00018},
	url = {http://dx.doi.org/10.3389/fnint.2015.00018}
}

@article{Maj2005,
	title = {{\textquoteleft}Psychiatric comorbidity{\textquoteright}: an artefact of current diagnostic systems?},
	author = {Maj, Mario},
	year = {2005},
	month = {03},
	date = {2005-03},
	journal = {British Journal of Psychiatry},
	pages = {182--184},
	volume = {186},
	number = {3},
	doi = {10.1192/bjp.186.3.182},
	url = {http://dx.doi.org/10.1192/bjp.186.3.182},
	langid = {en}
}

@article{regier1990,
	title = {Comorbidity of Mental Disorders With Alcohol and Other Drug Abuse},
	author = {Regier, Darrel A.},
	year = {1990},
	month = {11},
	date = {1990-11-21},
	journal = {JAMA},
	pages = {2511},
	volume = {264},
	number = {19},
	doi = {10.1001/jama.1990.03450190043026},
	url = {http://dx.doi.org/10.1001/jama.1990.03450190043026},
	langid = {en}
}

@article{chambers2001,
	title = {A neurobiological basis for substance abuse comorbidity in schizophrenia},
	author = {Chambers, R.Andrew and Krystal, John H and Self, David W},
	year = {2001},
	month = {07},
	date = {2001-07},
	journal = {Biological Psychiatry},
	pages = {71--83},
	volume = {50},
	number = {2},
	doi = {10.1016/s0006-3223(01)01134-9},
	url = {http://dx.doi.org/10.1016/s0006-3223(01)01134-9},
	langid = {en}
}

@article{Volkow2009,
	title = {Substance Use Disorders in Schizophrenia--Clinical Implications of Comorbidity},
	author = {Volkow, N. D.},
	year = {2009},
	month = {03},
	date = {2009-03-30},
	journal = {Schizophrenia Bulletin},
	pages = {469--472},
	volume = {35},
	number = {3},
	doi = {10.1093/schbul/sbp016},
	url = {http://dx.doi.org/10.1093/schbul/sbp016},
	langid = {en}
}

@article{mueser1990,
	title = {Prevalence of Substance Abuse in Schizophrenia: Demographic and Clinical Correlates},
	author = {Mueser, K. T. and Yarnold, P. R. and Levinson, D. F. and Singh, H. and Bellack, A. S. and Kee, K. and Morisson, R. L. and Yadalam, K. G.},
	year = {1990},
	month = {01},
	date = {1990-01-01},
	journal = {Schizophrenia Bulletin},
	pages = {31--56},
	volume = {16},
	number = {1},
	doi = {10.1093/schbul/16.1.31},
	url = {http://dx.doi.org/10.1093/schbul/16.1.31},
	langid = {en}
}

@article{george2018,
	title = {Cannabis Legalization and Psychiatric Disorders: Caveat {\textquotedblleft}Hemp-tor{\textquotedblright}},
	author = {George, Tony P. and Hill, Kevin P. and Vaccarino, Franco J.},
	year = {2018},
	month = {02},
	date = {2018-02-26},
	journal = {The Canadian Journal of Psychiatry},
	pages = {447--450},
	volume = {63},
	number = {7},
	doi = {10.1177/0706743718762387},
	url = {http://dx.doi.org/10.1177/0706743718762387},
	langid = {en}
}

@article{crocker2021,
	title = {When Cannabis Use Goes Wrong: Mental Health Side Effects of Cannabis Use That Present to Emergency Services},
	author = {Crocker, Candice E. and Carter, Alix J. E. and Emsley, Jason G. and Magee, Kirk and Atkinson, Paul and Tibbo, Philip G.},
	year = {2021},
	month = {02},
	date = {2021-02-15},
	journal = {Frontiers in Psychiatry},
	volume = {12},
	doi = {10.3389/fpsyt.2021.640222},
	url = {http://dx.doi.org/10.3389/fpsyt.2021.640222}
}

@article{tien1990,
	title = {Epidemiological analysis of alcohol and drug use as risk factors for psychotic experiences},
	author = {Tien, A. Y. and Anthony, J. C.},
	year = {1990},
	month = {08},
	date = {1990-08},
	journal = {The Journal of Nervous and Mental Disease},
	pages = {473--480},
	volume = {178},
	number = {8},
	note = {PMID: 2380692},
	langid = {eng}
}

@article{miller2001,
	title = {Genetic liability, illicit drug use, life stress and psychotic symptoms: preliminary findings from the Edinburgh study of people at high risk for schizophrenia},
	author = {Miller, P. and Lawrie, S. M. and Hodges, A. and Clafferty, R. and Cosway, R. and Johnstone, E. C.},
	year = {2001},
	month = {08},
	date = {2001-08-30},
	journal = {Social Psychiatry and Psychiatric Epidemiology},
	pages = {338--342},
	volume = {36},
	number = {7},
	doi = {10.1007/s001270170038},
	url = {http://dx.doi.org/10.1007/s001270170038}
}

@article{vanos2002,
	title = {Cannabis Use and Psychosis: A Longitudinal Population-based Study},
	author = {van Os, J.},
	year = {2002},
	month = {08},
	date = {2002-08-15},
	journal = {American Journal of Epidemiology},
	pages = {319--327},
	volume = {156},
	number = {4},
	doi = {10.1093/aje/kwf043},
	url = {http://dx.doi.org/10.1093/aje/kwf043}
}

@article{zammit2002,
	title = {Self reported cannabis use as a risk factor for schizophrenia in Swedish conscripts of 1969: historical cohort study},
	author = {Zammit, S.},
	year = {2002},
	month = {11},
	date = {2002-11-23},
	journal = {BMJ},
	pages = {1199--1199},
	volume = {325},
	number = {7374},
	doi = {10.1136/bmj.325.7374.1199},
	url = {http://dx.doi.org/10.1136/bmj.325.7374.1199}
}

@article{donoghue2014,
	title = {Cannabis use, gender and age of onset of schizophrenia: Data from the ÆSOP study},
	author = {Donoghue, Kim and Doody, Gillian A. and Murray, Robin M. and Jones, Peter B. and Morgan, Craig and Dazzan, Paola and Hart, Jozella and Mazzoncini, Rodolfo and MacCabe, James H.},
	year = {2014},
	month = {03},
	date = {2014-03},
	journal = {Psychiatry Research},
	pages = {528--532},
	volume = {215},
	number = {3},
	doi = {10.1016/j.psychres.2013.12.038},
	url = {http://dx.doi.org/10.1016/j.psychres.2013.12.038},
	langid = {en}
}

@article{stefanis2014,
	title = {The effect of drug use on the age at onset of psychotic disorders in an Australian cohort},
	author = {Stefanis, Nikos C. and Dragovic, Milan and Power, Brian D. and Jablensky, Assen and Castle, David and Morgan, Vera A.},
	year = {2014},
	month = {07},
	date = {2014-07},
	journal = {Schizophrenia Research},
	pages = {211--216},
	volume = {156},
	number = {2-3},
	doi = {10.1016/j.schres.2014.04.003},
	url = {http://dx.doi.org/10.1016/j.schres.2014.04.003},
	langid = {en}
}

@article{mauri2006,
	author = {Mauri, MC and Volonteri, LS and De Gaspari, IF and Colasanti, A and Brambilla, MA and Cerruti, L},
	year = {2006},
	date = {2006},
	journal = {Clinical Practice and Epidemiology in Mental Health},
	pages = {4},
	volume = {2},
	number = {1},
	doi = {10.1186/1745-0179-2-4},
	url = {http://dx.doi.org/10.1186/1745-0179-2-4}
}

@article{schimmelmann2012,
	title = {Prevalence and impact of cannabis use disorders in adolescents with early onset first episode psychosis},
	author = {Schimmelmann, B.G. and Conus, P. and Cotton, S. and Kupferschmid, S. and McGorry, P.D. and Lambert, M.},
	year = {2012},
	month = {08},
	date = {2012-08},
	journal = {European Psychiatry},
	pages = {463--469},
	volume = {27},
	number = {6},
	doi = {10.1016/j.eurpsy.2011.03.001},
	url = {http://dx.doi.org/10.1016/j.eurpsy.2011.03.001},
	langid = {en}
}

@article{picci2013,
	title = {Does substance use disorder affect clinical expression in first-hospitalization patients with schizophrenia? Analysis of a prospective cohort},
	author = {Picci, Rocco Luigi and Versino, Elisabetta and Oliva, Francesco and Giaretto, Roberta Margherita and Ostacoli, Luca and Trivelli, Federica and Venturello, Sara and Furlan, Pier Maria},
	year = {2013},
	month = {12},
	date = {2013-12},
	journal = {Psychiatry Research},
	pages = {780--786},
	volume = {210},
	number = {3},
	doi = {10.1016/j.psychres.2013.08.043},
	url = {http://dx.doi.org/10.1016/j.psychres.2013.08.043},
	langid = {en}
}

@article{duke2001,
	title = {Comorbid non-alcohol substance misuse among people with schizophrenia},
	author = {Duke, Peter J. and Pantelis, Christos and McPhillips, Michael A. and Barnes, Thomas R. E.},
	year = {2001},
	month = {12},
	date = {2001-12},
	journal = {British Journal of Psychiatry},
	pages = {509--513},
	volume = {179},
	number = {6},
	doi = {10.1192/bjp.179.6.509},
	url = {http://dx.doi.org/10.1192/bjp.179.6.509},
	langid = {en}
}

@article{murthy2012,
	title = {Treatment of dual diagnosis disorders},
	author = {Murthy, Pratima and Chand, Prabhat},
	year = {2012},
	month = {05},
	date = {2012-05},
	journal = {Current Opinion in Psychiatry},
	pages = {194--200},
	volume = {25},
	number = {3},
	doi = {10.1097/yco.0b013e328351a3e0},
	url = {http://dx.doi.org/10.1097/YCO.0b013e328351a3e0},
	langid = {en}
}

@article{schmidt2011,
	title = {The impact of substance use disorders on the course of schizophrenia{\textemdash}A 15-year follow-up study},
	author = {Schmidt, Lasse M. and Hesse, Moten and Lykke, {Jørn}},
	year = {2011},
	month = {08},
	date = {2011-08},
	journal = {Schizophrenia Research},
	pages = {228--233},
	volume = {130},
	number = {1-3},
	doi = {10.1016/j.schres.2011.04.011},
	url = {http://dx.doi.org/10.1016/j.schres.2011.04.011},
	langid = {en}
}

@inbook{gouzoulis-mayfrank2014,
	title = {Schizophrenia and Addiction},
	author = {Gouzoulis-Mayfrank, Euphrosyne and Walter, Marc},
	year = {2014},
	month = {10},
	date = {2014-10-17},
	publisher = {Springer Berlin Heidelberg},
	pages = {75--86},
	doi = {10.1007/978-3-642-45375-5_6},
	url = {http://dx.doi.org/10.1007/978-3-642-45375-5_6}
}

@article{drake2000,
	title = {Psychosocial Approaches to Dual Diagnosis},
	author = {Drake, R. E. and Mueser, K. T.},
	year = {2000},
	month = {01},
	date = {2000-01-01},
	journal = {Schizophrenia Bulletin},
	pages = {105--118},
	volume = {26},
	number = {1},
	doi = {10.1093/oxfordjournals.schbul.a033429},
	url = {http://dx.doi.org/10.1093/oxfordjournals.schbul.a033429},
	langid = {en}
}

@article{Khokhar2018,
	title = {The link between schizophrenia and substance use disorder: A unifying hypothesis},
	author = {Khokhar, Jibran Y. and Dwiel, Lucas L. and Henricks, Angela M. and Doucette, Wilder T. and Green, Alan I.},
	year = {2018},
	month = {04},
	date = {2018-04},
	journal = {Schizophrenia Research},
	pages = {78--85},
	volume = {194},
	doi = {10.1016/j.schres.2017.04.016},
	url = {http://dx.doi.org/10.1016/j.schres.2017.04.016},
	langid = {en}
}

@article{Green1999,
	title = {Clozapine for Comorbid Substance Use Disorder and Schizophrenia: Do Patients with Schizophrenia Have a Reward-Deficiency Syndrome That Can Be Ameliorated by Clozapine?},
	author = {Green, Alan I. and Zimmet, Suzanna V. and Straus, Rael D. and Schildkraut, Joseph J.},
	year = {1999},
	month = {03},
	date = {1999-03},
	journal = {Harvard Review of Psychiatry},
	pages = {287--296},
	volume = {6},
	number = {6},
	doi = {10.3109/10673229909017206},
	url = {http://dx.doi.org/10.3109/10673229909017206},
	langid = {en}
}

@article{huang2019,
	title = {Psychopathology and extrapyramidal side effects in smoking and non-smoking patients with schizophrenia: Systematic review and meta-analysis of comparative studies},
	author = {Huang, Hui and Dong, Min and Zhang, Ling and Zhong, Bao-Liang and Ng, Chee H. and Ungvari, Gabor S. and Yuan, Zhen and Meng, Xiangfei and Xiang, Yu-Tao},
	year = {2019},
	month = {06},
	date = {2019-06},
	journal = {Progress in Neuro-Psychopharmacology and Biological Psychiatry},
	pages = {476--482},
	volume = {92},
	doi = {10.1016/j.pnpbp.2019.02.011},
	url = {http://dx.doi.org/10.1016/j.pnpbp.2019.02.011},
	langid = {en}
}

@article{swendsen2010,
	title = {Mental disorders as risk factors for substance use, abuse and dependence: results from the 10-year follow-up of the National Comorbidity Survey},
	author = {Swendsen, Joel and Conway, Kevin P. and Degenhardt, Louisa and Glantz, Meyer and Jin, Robert and Merikangas, Kathleen R. and Sampson, Nancy and Kessler, Ronald C.},
	year = {2010},
	month = {03},
	date = {2010-03-10},
	journal = {Addiction},
	pages = {1117--1128},
	volume = {105},
	number = {6},
	doi = {10.1111/j.1360-0443.2010.02902.x},
	url = {http://dx.doi.org/10.1111/j.1360-0443.2010.02902.x},
	langid = {en}
}

@article{kuepper2011,
	title = {Continued cannabis use and risk of incidence and persistence of psychotic symptoms: 10 year follow-up cohort study},
	author = {Kuepper, R. and van Os, J. and Lieb, R. and Wittchen, H.-U. and Hofler, M. and Henquet, C.},
	year = {2011},
	month = {03},
	date = {2011-03-01},
	journal = {BMJ},
	pages = {d738--d738},
	volume = {342},
	number = {mar01 1},
	doi = {10.1136/bmj.d738},
	url = {http://dx.doi.org/10.1136/bmj.d738},
	langid = {en}
}

@article{vaucher2017,
	title = {Cannabis use and risk of schizophrenia: a Mendelian randomization study},
	author = {Vaucher, J and Keating, B J and Lasserre, A M and Gan, W and Lyall, D M and Ward, J and Smith, D J and Pell, J P and Sattar, N and {Paré}, G and Holmes, M V},
	year = {2017},
	month = {01},
	date = {2017-01-24},
	journal = {Molecular Psychiatry},
	pages = {1287--1292},
	volume = {23},
	number = {5},
	doi = {10.1038/mp.2016.252},
	url = {http://dx.doi.org/10.1038/mp.2016.252},
	langid = {en}
}

@article{ujike2004,
	title = {Clinical Features of Sensitization to Methamphetamine Observed in Patients with Methamphetamine Dependence and Psychosis},
	author = {UJIKE, HIROSHI and SATO, MITSUMOTO},
	year = {2004},
	month = {10},
	date = {2004-10},
	journal = {Annals of the New York Academy of Sciences},
	pages = {279--287},
	volume = {1025},
	number = {1},
	doi = {10.1196/annals.1316.035},
	url = {http://dx.doi.org/10.1196/annals.1316.035},
	langid = {en}
}

@article{moran2019,
	title = {Psychosis with Methylphenidate or Amphetamine in Patients with ADHD},
	author = {Moran, Lauren V. and Ongur, Dost and Hsu, John and Castro, Victor M. and Perlis, Roy H. and Schneeweiss, Sebastian},
	year = {2019},
	month = {03},
	date = {2019-03-21},
	journal = {New England Journal of Medicine},
	pages = {1128--1138},
	volume = {380},
	number = {12},
	doi = {10.1056/nejmoa1813751},
	url = {http://dx.doi.org/10.1056/NEJMoa1813751},
	langid = {en}
}

@article{hollis2019,
	title = {Methylphenidate and the risk of psychosis in adolescents and young adults: a population-based cohort study},
	author = {Hollis, Chris and Chen, Qi and Chang, Zheng and Quinn, Patrick D and Viktorin, Alexander and Lichtenstein, Paul and {D'Onofrio}, Brian and {Landén}, Mikael and Larsson, Henrik},
	year = {2019},
	month = {08},
	date = {2019-08},
	journal = {The Lancet Psychiatry},
	pages = {651--658},
	volume = {6},
	number = {8},
	doi = {10.1016/s2215-0366(19)30189-0},
	url = {http://dx.doi.org/10.1016/S2215-0366(19)30189-0},
	langid = {en}
}

@article{robinson1993,
	title = {The neural basis of drug craving: An incentive-sensitization theory of addiction},
	author = {Robinson, T},
	year = {1993},
	month = {12},
	date = {1993-12},
	journal = {Brain Research Reviews},
	pages = {247--291},
	volume = {18},
	number = {3},
	doi = {10.1016/0165-0173(93)90013-p},
	url = {http://dx.doi.org/10.1016/0165-0173(93)90013-p},
	langid = {en}
}

@article{Howes2016,
	title = {Dopamine and the aberrant salience hypothesis of schizophrenia},
	author = {Howes, Oliver D. and Nour, Matthew M.},
	year = {2016},
	month = {02},
	date = {2016-02},
	journal = {World Psychiatry},
	pages = {3--4},
	volume = {15},
	number = {1},
	doi = {10.1002/wps.20276},
	url = {http://dx.doi.org/10.1002/wps.20276},
	langid = {en}
}

@article{Martinotti2016,
	title = {Aripiprazole for relapse prevention and craving in alcohol use disorder: current evidence and future perspectives},
	author = {Martinotti, Giovanni and Orsolini, Laura and Fornaro, Michele and Vecchiotti, Roberta and De Berardis, Domenico and Iasevoli, Felice and Torrens, Marta and Di Giannantonio, Massimo},
	year = {2016},
	month = {04},
	date = {2016-04-21},
	journal = {Expert Opinion on Investigational Drugs},
	pages = {719--728},
	volume = {25},
	number = {6},
	doi = {10.1080/13543784.2016.1175431},
	url = {http://dx.doi.org/10.1080/13543784.2016.1175431},
	langid = {en}
}

@article{Zhornitsky2010,
	title = {Antipsychotic Agents for the Treatment of Substance Use Disorders in Patients With and Without Comorbid Psychosis},
	author = {Zhornitsky, Simon and Rizkallah, {Élie} and Pampoulova, Tania and Chiasson, Jean-Pierre and Stip, Emmanuel and {Rompré}, Pierre-Paul and Potvin, {Stéphane}},
	year = {2010},
	month = {08},
	date = {2010-08},
	journal = {Journal of Clinical Psychopharmacology},
	pages = {417--424},
	volume = {30},
	number = {4},
	doi = {10.1097/jcp.0b013e3181e7810a},
	url = {http://dx.doi.org/10.1097/JCP.0b013e3181e7810a},
	langid = {en}
}

@article{Ralevski2011,
	title = {Treatment With Acamprosate in Patients With Schizophrenia Spectrum Disorders and Comorbid Alcohol Dependence},
	author = {Ralevski, Elizabeth and {O{\textquoteright}Brien}, Erin and Jane, J. Serrita and Dwan, Rita and Dean, Erica and Edens, Ellen and Arnaout, Bachaar and Keegan, Kathryn and Drew, Shannon and Petrakis, Ismene},
	year = {2011},
	month = {01},
	date = {2011-01},
	journal = {Journal of Dual Diagnosis},
	pages = {64--73},
	volume = {7},
	number = {1-2},
	doi = {10.1080/15504263.2011.569440},
	url = {http://dx.doi.org/10.1080/15504263.2011.569440},
	langid = {en}
}

@article{Sawicka2017,
	title = {Naltrexone efficacy in treating alcohol-use disorder in individuals with comorbid psychosis: a systematic review},
	author = {Sawicka, Martyna and Tracy, Derek K},
	year = {2017},
	month = {05},
	date = {2017-05-24},
	journal = {Therapeutic Advances in Psychopharmacology},
	pages = {211--224},
	volume = {7},
	number = {8-9},
	doi = {10.1177/2045125317709975},
	url = {http://dx.doi.org/10.1177/2045125317709975},
	langid = {en}
}

@article{anton2017,
	title = {Aripiprazole Suppression of Drinking in a Clinical Laboratory Paradigm: Influence of Impulsivity and Self-Control},
	author = {Anton, Raymond F. and Schacht, Joseph P. and Voronin, Konstantin E. and Randall, Patrick K.},
	year = {2017},
	month = {06},
	date = {2017-06-05},
	journal = {Alcoholism: Clinical and Experimental Research},
	pages = {1370--1380},
	volume = {41},
	number = {7},
	doi = {10.1111/acer.13417},
	url = {http://dx.doi.org/10.1111/acer.13417},
	langid = {en}
}

@article{fairchild2018,
	title = {E-Cigarettes and the Harm-Reduction Continuum},
	author = {Fairchild, Amy L. and Lee, Ju Sung and Bayer, Ronald and Curran, James},
	year = {2018},
	month = {01},
	date = {2018-01-18},
	journal = {New England Journal of Medicine},
	pages = {216--219},
	volume = {378},
	number = {3},
	doi = {10.1056/nejmp1711991},
	url = {http://dx.doi.org/10.1056/NEJMp1711991},
	langid = {en}
}

@article{beaglehole2019,
	title = {Nicotine without smoke: fighting the tobacco epidemic with harm reduction},
	author = {Beaglehole, Robert and Bates, Clive and Youdan, Ben and Bonita, Ruth},
	year = {2019},
	month = {08},
	date = {2019-08},
	journal = {The Lancet},
	pages = {718--720},
	volume = {394},
	number = {10200},
	doi = {10.1016/s0140-6736(19)31884-7},
	url = {http://dx.doi.org/10.1016/S0140-6736(19)31884-7},
	langid = {en}
}

@article{kosmider2020,
	title = {Daily exposure to formaldehyde and acetaldehyde and potential health risk associated with use of high and low nicotine e-liquid concentrations},
	author = {Kosmider, Leon and Cox, Sharon and Zaciera, Marzena and Kurek, Jolanta and Goniewicz, Maciej L. and McRobbie, Hayden and Kimber, Catherine and Dawkins, Lynne},
	year = {2020},
	month = {04},
	date = {2020-04-16},
	journal = {Scientific Reports},
	volume = {10},
	number = {1},
	doi = {10.1038/s41598-020-63292-1},
	url = {http://dx.doi.org/10.1038/s41598-020-63292-1},
	langid = {en}
}

@article{Olivier2007,
	title = {Tobacco Smoking within Psychiatric Inpatient Settings: Biopsychosocial Perspective},
	author = {Olivier, David and Lubman, Dan I. and Fraser, Richard},
	year = {2007},
	month = {07},
	date = {2007-07},
	journal = {Australian & New Zealand Journal of Psychiatry},
	pages = {572--580},
	volume = {41},
	number = {7},
	doi = {10.1080/00048670701392809},
	url = {http://dx.doi.org/10.1080/00048670701392809},
	langid = {en}
}

@article{Soyster2016,
	title = {Correlates of nicotine withdrawal severity in smokers during a smoke-free psychiatric hospitalization},
	author = {Soyster, Peter and Anzai, Nicole E. and Fromont, Sebastien C. and Prochaska, Judith J.},
	year = {2016},
	month = {11},
	date = {2016-11},
	journal = {Preventive Medicine},
	pages = {176--182},
	volume = {92},
	doi = {10.1016/j.ypmed.2016.01.026},
	url = {http://dx.doi.org/10.1016/j.ypmed.2016.01.026},
	langid = {en}
}

@article{george2000,
	title = {Nicotine Transdermal Patch and Atypical Antipsychotic Medications for Smoking Cessation in Schizophrenia},
	author = {George, Tony P. and Ziedonis, Douglas M. and Feingold, Alan and Pepper, W. Thomas and Satterburg, Cheryl A. and Winkel, Justin and Rounsaville, Bruce J. and Kosten, Thomas R.},
	year = {2000},
	month = {11},
	date = {2000-11},
	journal = {American Journal of Psychiatry},
	pages = {1835--1842},
	volume = {157},
	number = {11},
	doi = {10.1176/appi.ajp.157.11.1835},
	url = {http://dx.doi.org/10.1176/appi.ajp.157.11.1835},
	langid = {en}
}

@article{tsoi2013,
	title = {Interventions for smoking cessation and reduction in individuals with schizophrenia},
	author = {Tsoi, Daniel T and Porwal, Mamta and Webster, Angela C},
	editor = {, },
	year = {2013},
	month = {02},
	date = {2013-02-28},
	journal = {Cochrane Database of Systematic Reviews},
	doi = {10.1002/14651858.cd007253.pub3},
	url = {http://dx.doi.org/10.1002/14651858.CD007253.pub3},
	langid = {en}
}

@article{Cerimele2012,
	title = {Does Varenicline Worsen Psychiatric Symptoms in Patients With Schizophrenia or Schizoaffective Disorder?},
	author = {Cerimele, Joseph M. and Durango, Alejandra},
	year = {2012},
	month = {08},
	date = {2012-08-15},
	journal = {The Journal of Clinical Psychiatry},
	pages = {e1039--e1047},
	volume = {73},
	number = {08},
	doi = {10.4088/jcp.11r07410},
	url = {http://dx.doi.org/10.4088/JCP.11r07410}
}

@article{ahmed2018,
	title = {Efficacy and Safety of Varenicline for Smoking Cessation in Schizophrenia: A Meta-Analysis},
	author = {Ahmed, Saeed and Virani, Sanya and Kotapati, Vijaya P. and Bachu, Ramya and Adnan, Mahwish and Khan, Ali M. and Zubair, Aarij and Begum, Gulshan and Kumar, Jeevan and Qureshi, Mustafa and Ahmed, Rizwan},
	year = {2018},
	month = {09},
	date = {2018-09-19},
	journal = {Frontiers in Psychiatry},
	volume = {9},
	doi = {10.3389/fpsyt.2018.00428},
	url = {http://dx.doi.org/10.3389/fpsyt.2018.00428}
}

@article{Hong2011,
	title = {Effects of Moderate-Dose Treatment With Varenicline on Neurobiological and Cognitive Biomarkers in Smokers and Nonsmokers With Schizophrenia or Schizoaffective Disorder},
	author = {Hong, L. Elliot},
	year = {2011},
	month = {12},
	date = {2011-12-01},
	journal = {Archives of General Psychiatry},
	pages = {1195},
	volume = {68},
	number = {12},
	doi = {10.1001/archgenpsychiatry.2011.83},
	url = {http://dx.doi.org/10.1001/archgenpsychiatry.2011.83},
	langid = {en}
}

@article{smith2016,
	title = {Varenicline Effects on Smoking, Cognition, and Psychiatric Symptoms in Schizophrenia: A Double-Blind Randomized Trial},
	author = {Smith, Robert C. and Amiaz, Revital and Si, Tian-Mei and Maayan, Lawrence and Jin, Hua and Boules, Sylvia and Sershen, Henry and Li, Chunbo and Ren, Juanjuan and Liu, Yanhong and Youseff, Mary and Lajtha, Abel and Guidotti, Alessandro and Weiser, Mark and Davis, John M.},
	editor = {Franken, Ingmar H.A.},
	year = {2016},
	month = {01},
	date = {2016-01-05},
	journal = {PLOS ONE},
	pages = {e0143490},
	volume = {11},
	number = {1},
	doi = {10.1371/journal.pone.0143490},
	url = {http://dx.doi.org/10.1371/journal.pone.0143490},
	langid = {en}
}

@article{kim2015,
	title = {Seven-Day Continuous Abstinence Rate from Smoking at 1, 2, or 3 Years after the Use of Varenicline},
	author = {Kim, Jin Se and Jang, Ju Young and Park, Eun Hye and Lee, Joo Young and Gu, Kang Mo and Jung, Jae Woo and Choi, Jae Chol and Shin, Jong Wook and Park, In Won and Choi, Byoung Whui and Kim, Jae Yeol},
	year = {2015},
	date = {2015},
	journal = {Tuberculosis and Respiratory Diseases},
	pages = {92},
	volume = {78},
	number = {2},
	doi = {10.4046/trd.2015.78.2.92},
	url = {http://dx.doi.org/10.4046/trd.2015.78.2.92},
	langid = {en}
}

@article{lindson-hawley2016,
	title = {Interventions to reduce harm from continued tobacco use},
	author = {Lindson-Hawley, Nicola and Hartmann-Boyce, Jamie and Fanshawe, Thomas R and Begh, Rachna and Farley, Amanda and Lancaster, Tim},
	editor = {, },
	year = {2016},
	month = {10},
	date = {2016-10-13},
	journal = {Cochrane Database of Systematic Reviews},
	volume = {2016},
	number = {12},
	doi = {10.1002/14651858.cd005231.pub3},
	url = {http://dx.doi.org/10.1002/14651858.CD005231.pub3},
	langid = {en}
}

@article{polosa2016,
	title = {Evidence for harm reduction in COPD smokers who switch to electronic cigarettes},
	author = {Polosa, Riccardo and Morjaria, Jaymin Bhagwanji and Caponnetto, Pasquale and Prosperini, Umberto and Russo, Cristina and Pennisi, Alfio and Bruno, Cosimo Marcello},
	year = {2016},
	month = {12},
	date = {2016-12},
	journal = {Respiratory Research},
	volume = {17},
	number = {1},
	doi = {10.1186/s12931-016-0481-x},
	url = {http://dx.doi.org/10.1186/s12931-016-0481-x},
	langid = {en}
}

@article{Caponnetto2013,
	title = {Impact of an Electronic Cigarette on Smoking Reduction and Cessation in Schizophrenic Smokers: A Prospective 12-Month Pilot Study},
	author = {Caponnetto, Pasquale and Auditore, Roberta and Russo, Cristina and Cappello, Giorgio and Polosa, Riccardo},
	year = {2013},
	month = {01},
	date = {2013-01-28},
	journal = {International Journal of Environmental Research and Public Health},
	pages = {446--461},
	volume = {10},
	number = {2},
	doi = {10.3390/ijerph10020446},
	url = {http://dx.doi.org/10.3390/ijerph10020446},
	langid = {en}
}

@article{caponnetto2021,
	title = {A Single-Arm, Open-Label, Pilot, and Feasibility Study of a High Nicotine Strength E-Cigarette Intervention for Smoking Cessation or Reduction for People With Schizophrenia Spectrum Disorders Who Smoke Cigarettes},
	author = {Caponnetto, Pasquale and DiPiazza, Jennifer and Kim, Jason and Maglia, Marilena and Polosa, Riccardo},
	year = {2021},
	month = {03},
	date = {2021-03-16},
	journal = {Nicotine & Tobacco Research},
	pages = {1113--1122},
	volume = {23},
	number = {7},
	doi = {10.1093/ntr/ntab005},
	url = {http://dx.doi.org/10.1093/ntr/ntab005},
	langid = {en}
}

@article{matsumoto2020,
	title = {Dose-Dependent Pulmonary Toxicity of Aerosolized Vitamin E Acetate},
	author = {Matsumoto, Shotaro and Fang, Xiaohui and Traber, Maret G. and Jones, Kirk D. and Langelier, Charles and Hayakawa Serpa, Paula and Calfee, Carolyn S. and Matthay, Michael A. and Gotts, Jeffrey E.},
	year = {2020},
	month = {12},
	date = {2020-12},
	journal = {American Journal of Respiratory Cell and Molecular Biology},
	pages = {748--757},
	volume = {63},
	number = {6},
	doi = {10.1165/rcmb.2020-0209oc},
	url = {http://dx.doi.org/10.1165/rcmb.2020-0209OC},
	langid = {en}
}

@article{Boudi2019,
	title = {Vitamin E Acetate as a Plausible Cause of Acute Vaping-related Illness},
	author = {Boudi, F Brian and Patel, Sonia and Boudi, Ava and Chan, Connie},
	year = {2019},
	month = {12},
	date = {2019-12-11},
	journal = {Cureus},
	doi = {10.7759/cureus.6350},
	url = {http://dx.doi.org/10.7759/cureus.6350},
	langid = {en}
}

@article{Strassnig2006,
	title = {Increased caffeine and nicotine consumption in community-dwelling patients with schizophrenia},
	author = {Strassnig, Martin and Brar, Jaspreet S. and Ganguli, Rohan},
	year = {2006},
	month = {09},
	date = {2006-09},
	journal = {Schizophrenia Research},
	pages = {269--275},
	volume = {86},
	number = {1-3},
	doi = {10.1016/j.schres.2006.05.013},
	url = {http://dx.doi.org/10.1016/j.schres.2006.05.013},
	langid = {en}
}

@article{Schneier1987,
	title = {A Review of Psychoactive Substance Use and Abuse in Schizophrenia},
	author = {SCHNEIER, FRANKLIN R. and SIRIS, SAMUEL G.},
	year = {1987},
	month = {11},
	date = {1987-11},
	journal = {The Journal of Nervous and Mental Disease},
	pages = {641--652},
	volume = {175},
	number = {11},
	doi = {10.1097/00005053-198711000-00001},
	url = {http://dx.doi.org/10.1097/00005053-198711000-00001},
	langid = {en}
}

@article{Thompson2014,
	title = {{\textquotedblleft}Clozapine makes me quite drowsy, so when I wake up in the morning those first cups of coffee are really handy{\textquotedblright}: an exploratory qualitative study of excessive caffeine consumption among individuals with schizophrenia},
	author = {Thompson, Lisa and Pennay, Amy and Zimmermann, Adam and Cox, Merrilee and Lubman, Dan I},
	year = {2014},
	month = {04},
	date = {2014-04-16},
	journal = {BMC Psychiatry},
	volume = {14},
	number = {1},
	doi = {10.1186/1471-244x-14-116},
	url = {http://dx.doi.org/10.1186/1471-244X-14-116},
	langid = {en}
}

@article{hedges2009,
	title = {Caffeine-Induced Psychosis},
	author = {Hedges, Dawson W. and Woon, Fu Lye and Hoopes, Scott P.},
	year = {2009},
	month = {03},
	date = {2009-03},
	journal = {CNS Spectrums},
	pages = {127--131},
	volume = {14},
	number = {3},
	doi = {10.1017/s1092852900020101},
	url = {http://dx.doi.org/10.1017/s1092852900020101},
	langid = {en}
}

@article{tibrewal2011,
	title = {Caffeine Induced Psychotic Exacerbation},
	author = {Tibrewal, Prashant and Dhillon, Rohan},
	year = {2011},
	month = {02},
	date = {2011-02},
	journal = {Australian & New Zealand Journal of Psychiatry},
	pages = {179--180},
	volume = {45},
	number = {2},
	doi = {10.3109/00048674.2010.529605},
	url = {http://dx.doi.org/10.3109/00048674.2010.529605},
	langid = {en}
}

@article{peng2014,
	title = {Low-Dose Caffeine May Exacerbate Psychotic Symptoms in People With Schizophrenia},
	author = {Peng, Po-Jui and Chiang, Kuo-Tung and Liang, Chih-Sung},
	year = {2014},
	month = {01},
	date = {2014-01},
	journal = {The Journal of Neuropsychiatry and Clinical Neurosciences},
	pages = {E41--E41},
	volume = {26},
	number = {2},
	doi = {10.1176/appi.neuropsych.13040098},
	url = {http://dx.doi.org/10.1176/appi.neuropsych.13040098},
	langid = {en}
}

@article{cerimele2010,
	title = {Psychosis Following Excessive Ingestion of Energy Drinks in a Patient With Schizophrenia},
	author = {Cerimele, Joseph M. and Stern, Adam P. and Jutras-Aswad, Didier},
	year = {2010},
	month = {03},
	date = {2010-03},
	journal = {American Journal of Psychiatry},
	pages = {353--353},
	volume = {167},
	number = {3},
	doi = {10.1176/appi.ajp.2009.09101456},
	url = {http://dx.doi.org/10.1176/appi.ajp.2009.09101456},
	langid = {en}
}

@article{frigerio2020,
	title = {The impact of caffeine consumption on clinical symptoms in patients with bipolar disorder: A systematic review},
	author = {Frigerio, Sofia and Strawbridge, Rebecca and Young, Allan H.},
	year = {2020},
	month = {09},
	date = {2020-09-28},
	journal = {Bipolar Disorders},
	pages = {241--251},
	volume = {23},
	number = {3},
	doi = {10.1111/bdi.12990},
	url = {http://dx.doi.org/10.1111/bdi.12990},
	langid = {en}
}

@article{hernandez-huerta2017,
	title = {Psychopathology Related to Energy Drinks: A Psychosis Case Report},
	author = {Hernandez-Huerta, Daniel and Martin-Larregola, Maria and Gomez-Arnau, Jorge and Correas-Lauffer, Javier and Dolengevich-Segal, Helen},
	year = {2017},
	date = {2017},
	journal = {Case Reports in Psychiatry},
	pages = {1--5},
	volume = {2017},
	doi = {10.1155/2017/5094608},
	url = {http://dx.doi.org/10.1155/2017/5094608},
	langid = {en}
}

@article{núñez2002,
	title = {Cannabis-induced psychosis: a cross-sectional comparison with acute schizophrenia},
	author = {{Núñez}, L. A. and Gurpegui, M.},
	year = {2002},
	month = {03},
	date = {2002-03},
	journal = {Acta Psychiatrica Scandinavica},
	pages = {173--178},
	volume = {105},
	number = {3},
	doi = {10.1034/j.1600-0447.2002.1o079.x},
	url = {http://dx.doi.org/10.1034/j.1600-0447.2002.1o079.x},
	langid = {en}
}

@article{Navarro2013,
	title = {Cocaine Inhibits Dopamine D2 Receptor Signaling via Sigma-1-D2 Receptor Heteromers},
	author = {Navarro, Gemma and Moreno, Estefania and Bonaventura, Jordi and Brugarolas, Marc and {Farré}, Daniel and Aguinaga, David and Mallol, Josefa and {Cortés}, Antoni and {Casadó}, Vicent and {Lluís}, Carmen and Ferre, Sergi and Franco, Rafael and Canela, Enric and McCormick, Peter J.},
	editor = {Strack, Stefan},
	year = {2013},
	month = {04},
	date = {2013-04-18},
	journal = {PLoS ONE},
	pages = {e61245},
	volume = {8},
	number = {4},
	doi = {10.1371/journal.pone.0061245},
	url = {http://dx.doi.org/10.1371/journal.pone.0061245},
	langid = {en}
}

@article{Aoki2013,
	title = {Volume reductions in frontopolar and left perisylvian cortices in methamphetamine induced psychosis},
	author = {Aoki, Yuta and Orikabe, Lina and Takayanagi, Yoichiro and Yahata, Noriaki and Mozue, Yuriko and Sudo, Yasuhiko and Ishii, Tatsuji and Itokawa, Masanari and Suzuki, Michio and Kurachi, Masayoshi and Okazaki, Yuji and Kasai, Kiyoto and Yamasue, Hidenori},
	year = {2013},
	month = {07},
	date = {2013-07},
	journal = {Schizophrenia Research},
	pages = {355--361},
	volume = {147},
	number = {2-3},
	doi = {10.1016/j.schres.2013.04.029},
	url = {http://dx.doi.org/10.1016/j.schres.2013.04.029},
	langid = {en}
}

@article{Li2014,
	title = {Methamphetamine Enhances the Development of Schizophrenia in First-Degree Relatives of Patients with Schizophrenia},
	author = {Li, Huabing and Lu, Qiong and Xiao, Enhua and Li, Qiuyun and He, Zhong and Mei, Xilong},
	year = {2014},
	month = {02},
	date = {2014-02},
	journal = {The Canadian Journal of Psychiatry},
	pages = {107--113},
	volume = {59},
	number = {2},
	doi = {10.1177/070674371405900206},
	url = {http://dx.doi.org/10.1177/070674371405900206},
	langid = {en}
}

@article{Kittirattanapaiboon2010,
	title = {Long-term outcomes in methamphetamine psychosis patients after first hospitalisation},
	author = {KITTIRATTANAPAIBOON, PHUNNAPA and MAHATNIRUNKUL, SUWAT and BOONCHAROEN, HATHAICHONNEE and THUMMAWOMG, PORNTHIP and DUMRONGCHAI, UNCHALEE and CHUTHA, WORAWAN},
	year = {2010},
	month = {07},
	date = {2010-07},
	journal = {Drug and Alcohol Review},
	pages = {456--461},
	volume = {29},
	number = {4},
	doi = {10.1111/j.1465-3362.2010.00196.x},
	url = {http://dx.doi.org/10.1111/j.1465-3362.2010.00196.x},
	langid = {en}
}

@article{sara2014,
	title = {Stimulant and other substance use disorders in schizophrenia: Prevalence, correlates and impacts in a population sample},
	author = {Sara, Grant E and Burgess, Philip M and Malhi, Gin S and Whiteford, Harvey A and Hall, Wayne C},
	year = {2014},
	month = {05},
	date = {2014-05-12},
	journal = {Australian & New Zealand Journal of Psychiatry},
	pages = {1036--1047},
	volume = {48},
	number = {11},
	doi = {10.1177/0004867414533838},
	url = {http://dx.doi.org/10.1177/0004867414533838},
	langid = {en}
}

@article{Jo2019,
	title = {Recurrent Psychosis after Phentermine Administration in a Young Female: A Case Report},
	author = {Jo, Hyun-Sic and Wang, Sheng-Min and Kim, Jung Jin},
	year = {2019},
	month = {02},
	date = {2019-02-28},
	journal = {Clinical Psychopharmacology and Neuroscience},
	pages = {130--133},
	volume = {17},
	number = {1},
	doi = {10.9758/cpn.2019.17.1.130},
	url = {http://dx.doi.org/10.9758/cpn.2019.17.1.130},
	langid = {en}
}

@article{sookyoungkwak2017,
	title = {Psychotic Disorder Induced by Appetite Suppressants, Phentermine or Phendimetrazine : A Case Series Study},
	author = {Sookyoung Kwak,  and Se Hyun Kim,  and In-Won Chung,  and Tak Youn,  and Nam Young Lee, },
	year = {2017},
	month = {08},
	date = {2017-08},
	journal = {Journal of Korean Society of Biological Psychiatry},
	pages = {134--141},
	volume = {24},
	number = {3},
	doi = {10.22857/KJBP.2017.24.3.005},
	url = {https://doi.org/10.22857/KJBP.2017.24.3.005}
}

@article{moore2007,
	title = {Cannabis use and risk of psychotic or affective mental health outcomes: a systematic review},
	author = {Moore, Theresa HM and Zammit, Stanley and Lingford-Hughes, Anne and Barnes, Thomas RE and Jones, Peter B and Burke, Margaret and Lewis, Glyn},
	year = {2007},
	month = {07},
	date = {2007-07},
	journal = {The Lancet},
	pages = {319--328},
	volume = {370},
	number = {9584},
	doi = {10.1016/s0140-6736(07)61162-3},
	url = {http://dx.doi.org/10.1016/S0140-6736(07)61162-3},
	langid = {en}
}

@article{Marconi2016,
	title = {Meta-analysis of the Association Between the Level of Cannabis Use and Risk of Psychosis},
	author = {Marconi, Arianna and Di Forti, Marta and Lewis, Cathryn M. and Murray, Robin M. and Vassos, Evangelos},
	year = {2016},
	month = {02},
	date = {2016-02-15},
	journal = {Schizophrenia Bulletin},
	pages = {1262--1269},
	volume = {42},
	number = {5},
	doi = {10.1093/schbul/sbw003},
	url = {http://dx.doi.org/10.1093/schbul/sbw003},
	langid = {en}
}

@article{hunt2018,
	title = {Prevalence of comorbid substance use in schizophrenia spectrum disorders in community and clinical settings, 1990{\textendash}2017: Systematic review and meta-analysis},
	author = {Hunt, Glenn E. and Large, Matthew M. and Cleary, Michelle and Lai, Harry Man Xiong and Saunders, John B.},
	year = {2018},
	month = {10},
	date = {2018-10},
	journal = {Drug and Alcohol Dependence},
	pages = {234--258},
	volume = {191},
	doi = {10.1016/j.drugalcdep.2018.07.011},
	url = {http://dx.doi.org/10.1016/j.drugalcdep.2018.07.011},
	langid = {en}
}

@article{murrie2019,
	title = {Transition of Substance-Induced, Brief, and Atypical Psychoses to Schizophrenia: A Systematic Review and Meta-analysis},
	author = {Murrie, Benjamin and Lappin, Julia and Large, Matthew and Sara, Grant},
	year = {2019},
	month = {10},
	date = {2019-10-16},
	journal = {Schizophrenia Bulletin},
	pages = {505--516},
	volume = {46},
	number = {3},
	doi = {10.1093/schbul/sbz102},
	url = {http://dx.doi.org/10.1093/schbul/sbz102},
	langid = {en}
}

@article{Muetzelfeldt2008,
	title = {Journey through the K-hole: Phenomenological aspects of ketamine use},
	author = {Muetzelfeldt, L. and Kamboj, S.K. and Rees, H. and Taylor, J. and Morgan, C.J.A. and Curran, H.V.},
	year = {2008},
	month = {06},
	date = {2008-06},
	journal = {Drug and Alcohol Dependence},
	pages = {219--229},
	volume = {95},
	number = {3},
	doi = {10.1016/j.drugalcdep.2008.01.024},
	url = {http://dx.doi.org/10.1016/j.drugalcdep.2008.01.024},
	langid = {en}
}

@article{kronenberg2002,
	title = {Ketamine as an Analgesic},
	author = {Kronenberg, Robert H.},
	year = {2002},
	month = {01},
	date = {2002-01},
	journal = {Journal of Pain & Palliative Care Pharmacotherapy},
	pages = {27--35},
	volume = {16},
	number = {3},
	doi = {10.1080/j354v16n03_03},
	url = {http://dx.doi.org/10.1080/j354v16n03_03},
	langid = {en}
}

@article{singh2020,
	title = {Approval of esketamine for treatment-resistant depression},
	author = {Singh, Jaskaran B and Daly, Ella J and Mathews, Maju and Fedgchin, Maggie and Popova, Vanina and Hough, David and Drevets, Wayne C},
	year = {2020},
	month = {03},
	date = {2020-03},
	journal = {The Lancet Psychiatry},
	pages = {232--235},
	volume = {7},
	number = {3},
	doi = {10.1016/s2215-0366(19)30533-4},
	url = {http://dx.doi.org/10.1016/S2215-0366(19)30533-4},
	langid = {en}
}

@article{bahji2021,
	title = {Comparative efficacy of racemic ketamine and esketamine for depression: A systematic review and meta-analysis},
	author = {Bahji, Anees and Vazquez, Gustavo H. and Zarate, Carlos A.},
	year = {2021},
	month = {01},
	date = {2021-01},
	journal = {Journal of Affective Disorders},
	pages = {542--555},
	volume = {278},
	doi = {10.1016/j.jad.2020.09.071},
	url = {http://dx.doi.org/10.1016/j.jad.2020.09.071},
	langid = {en}
}

@article{corazza2013,
	title = {From {\textquotedblleft}Special K{\textquotedblright} to {\textquotedblleft}Special M{\textquotedblright}: The Evolution of the Recreational Use of Ketamine and Methoxetamine},
	author = {Corazza, Ornella and Assi, Sulaf and Schifano, Fabrizio},
	year = {2013},
	month = {02},
	date = {2013-02-20},
	journal = {CNS Neuroscience & Therapeutics},
	pages = {454--460},
	volume = {19},
	number = {6},
	doi = {10.1111/cns.12063},
	url = {http://dx.doi.org/10.1111/cns.12063},
	langid = {en}
}

@article{luethi2020,
	title = {Designer drugs: mechanism of action and adverse effects},
	author = {Luethi, Dino and Liechti, Matthias E.},
	year = {2020},
	month = {04},
	date = {2020-04},
	journal = {Archives of Toxicology},
	pages = {1085--1133},
	volume = {94},
	number = {4},
	doi = {10.1007/s00204-020-02693-7},
	url = {http://dx.doi.org/10.1007/s00204-020-02693-7},
	langid = {en}
}
