
@article{Kozak1994,
}

@article{Bürgy2007,
}

@article{poyurovsky2013,
	title = {Schizo-Obsessive Disorder},
	author = {Poyurovsky, Michael},
	year = {2013},
	month = {01},
	date = {2013-01-17},
	doi = {10.1017/cbo9780511686931},
	url = {http://dx.doi.org/10.1017/CBO9780511686931}
}

@article{Bürgy2007a,
	title = {Obsession in the Strict Sense: A Helpful Psychopathological Phenomenon in the Differential Diagnosis between Obsessive-Compulsive Disorder and Schizophrenia},
	author = {{Bürgy}, M.},
	year = {2007},
	date = {2007},
	journal = {Psychopathology},
	pages = {102--110},
	volume = {40},
	number = {2},
	doi = {10.1159/000098490},
	url = {http://dx.doi.org/10.1159/000098490},
	langid = {en}
}

@article{hwang1993,
	title = {Schizo-Obsessive Disorders},
	author = {Hwang, Michael Y and Hollander, Eric},
	year = {1993},
	month = {07},
	date = {1993-07},
	journal = {Psychiatric Annals},
	pages = {396--401},
	volume = {23},
	number = {7},
	doi = {10.3928/0048-5713-19930701-11},
	url = {http://dx.doi.org/10.3928/0048-5713-19930701-11},
	langid = {en}
}

@article{zohar1997,
	title = {Is There Room for a New Diagnostic Subtype{\textemdash}The Schizo-obsessive Subtype?},
	author = {Zohar, Joseph},
	year = {1997},
	month = {03},
	date = {1997-03},
	journal = {CNS Spectrums},
	pages = {49--50},
	volume = {2},
	number = {3},
	doi = {10.1017/s1092852900004612},
	url = {http://dx.doi.org/10.1017/S1092852900004612},
	langid = {en}
}

@article{Insel1986,
	title = {Obsessive-compulsive disorder with psychotic features: a phenomenologic analysis},
	year = {1986},
	month = {12},
	date = {1986-12},
	journal = {American Journal of Psychiatry},
	pages = {1527--1533},
	volume = {143},
	number = {12},
	doi = {10.1176/ajp.143.12.1527},
	url = {http://dx.doi.org/10.1176/ajp.143.12.1527},
	langid = {en}
}

@article{Solyom1985,
	title = {Is There an Obsessive Psychosis? Aetiological and Prognostic Factors of an Atypical Form of Obsessive-Compulsive Neurosis},
	author = {Solyom, L. and Dinicola, V.F. and Phil, M. and Sookman, D. and Luchins, D.},
	year = {1985},
	month = {08},
	date = {1985-08},
	journal = {The Canadian Journal of Psychiatry},
	pages = {372--380},
	volume = {30},
	number = {5},
	doi = {10.1177/070674378503000515},
	url = {http://dx.doi.org/10.1177/070674378503000515},
	langid = {en}
}

@article{Attademo2015,
	title = {History and Conceptual Problems of the Relationship Between Obsessions and Hallucinations},
	author = {Attademo, Luigi and Bernardini, Francesco and Paolini, Enrico and Quartesan, Roberto},
	year = {2015},
	month = {01},
	date = {2015-01},
	journal = {Harvard Review of Psychiatry},
	pages = {19--27},
	volume = {23},
	number = {1},
	doi = {10.1097/hrp.0000000000000027},
	url = {http://dx.doi.org/10.1097/HRP.0000000000000027},
	langid = {en}
}

@article{Berrios1989,
	title = {Obsessive-compulsive disorder: Its conceptual history in France during the 19th century},
	author = {Berrios, G.E.},
	year = {1989},
	month = {07},
	date = {1989-07},
	journal = {Comprehensive Psychiatry},
	pages = {283--295},
	volume = {30},
	number = {4},
	doi = {10.1016/0010-440x(89)90052-7},
	url = {http://dx.doi.org/10.1016/0010-440x(89)90052-7},
	langid = {en}
}

@article{berrios1996,
	title = {The History of Mental Symptoms},
	author = {Berrios, German E.},
	year = {1996},
	month = {04},
	date = {1996-04-11},
	doi = {10.1017/cbo9780511526725},
	url = {http://dx.doi.org/10.1017/CBO9780511526725}
}

@article{Fuentenebro2000,
	title = {Introduction: Jules Séglas and 'hallucinatory obsessions'},
	author = {Fuentenebro, Filiberto and Berrios, German E.},
	year = {2000},
	month = {03},
	date = {2000-03},
	journal = {History of Psychiatry},
	pages = {107--109},
	volume = {11},
	number = {41},
	doi = {10.1177/0957154x0001104105},
	url = {http://dx.doi.org/10.1177/0957154X0001104105},
	langid = {en}
}

@article{Tezenas2019,
	title = {Obsessive-Compulsive Symptoms in Schizophrenia: an Up-To-Date Review of Literature},
	author = {Tezenas du Montcel, {Chloé} and Pelissolo, Antoine and {Schürhoff}, Franck and Pignon, Baptiste},
	year = {2019},
	month = {07},
	date = {2019-07-01},
	journal = {Current Psychiatry Reports},
	volume = {21},
	number = {8},
	doi = {10.1007/s11920-019-1051-y},
	url = {http://dx.doi.org/10.1007/s11920-019-1051-y},
	langid = {en}
}

@article{Steinberg2017,
	title = {Kraepelin{\textquoteright}s views on obsessive neurosis: a comparison with DSM-5 criteria for obsessive-compulsive disorder},
	author = {Steinberg, Holger and Carius, Dirk and Fontenelle, Leonardo F.},
	year = {2017},
	month = {03},
	date = {2017-03-13},
	journal = {Revista Brasileira de Psiquiatria},
	pages = {355--364},
	volume = {39},
	number = {4},
	doi = {10.1590/1516-4446-2016-1959},
	url = {http://dx.doi.org/10.1590/1516-4446-2016-1959}
}

@article{Grover2019,
	title = {Obsessive{\textendash}compulsive symptoms in schizophrenia: a review},
	author = {Grover, Sandeep and Sahoo, Swapnajeet and Surendran, Indu},
	year = {2018},
	month = {12},
	date = {2018-12-18},
	journal = {Acta Neuropsychiatrica},
	pages = {63--73},
	volume = {31},
	number = {2},
	doi = {10.1017/neu.2018.27},
	url = {http://dx.doi.org/10.1017/neu.2018.27},
	langid = {en}
}

@article{rosen1957,
	title = {The Clinical Significance of Obsessions in Schizophrenia},
	author = {Rosen, Ismond},
	year = {1957},
	month = {10},
	date = {1957-10},
	journal = {Journal of Mental Science},
	pages = {773--785},
	volume = {103},
	number = {433},
	doi = {10.1192/bjp.103.433.773},
	url = {http://dx.doi.org/10.1192/bjp.103.433.773},
	langid = {en}
}

@article{Fenton1986,
	title = {The prognostic significance of obsessive-compulsive symptoms in schizophrenia},
	year = {1986},
	month = {04},
	date = {1986-04},
	journal = {American Journal of Psychiatry},
	pages = {437--441},
	volume = {143},
	number = {4},
	doi = {10.1176/ajp.143.4.437},
	url = {http://dx.doi.org/10.1176/ajp.143.4.437},
	langid = {en}
}

@article{Kozak1994a,
	title = {Obsessions, overvalued ideas, and delusions in obsessive-compulsive disorder},
	author = {Kozak, Michael J. and Foa, Edna B.},
	year = {1994},
	month = {03},
	date = {1994-03},
	journal = {Behaviour Research and Therapy},
	pages = {343--353},
	volume = {32},
	number = {3},
	doi = {10.1016/0005-7967(94)90132-5},
	url = {http://dx.doi.org/10.1016/0005-7967(94)90132-5},
	langid = {en}
}

@article{hussain1988,
	title = {Obsessive compulsive disorder with psychotic features - a case report},
	author = {Hussain, M. K. and Chaturvedi, S. K.},
	year = {1988},
	month = {07},
	date = {1988-07},
	journal = {Indian Journal of Psychiatry},
	pages = {315--317},
	volume = {30},
	number = {3},
	note = {PMID: 21927328
PMCID: PMC3010610},
	langid = {eng}
}

@article{pies1984,
	title = {Distinguishing obsessional from psychotic phenomena},
	author = {Pies, R.},
	year = {1984},
	month = {12},
	date = {1984-12},
	journal = {Journal of Clinical Psychopharmacology},
	pages = {345--347},
	volume = {4},
	number = {6},
	note = {PMID: 6512005},
	langid = {eng}
}

@article{Fontenelle2008,
	title = {Auditory, Visual, Tactile, Olfactory, and Bodily Hallucinations in Patients with Obsessive-Compulsive Disorder},
	author = {Fontenelle, Leonardo F. and Lopes, {Angélica P.} and Borges, Manuela C. and Pacheco, Paula G. and Nascimento, Antonio L. and Versiani, Marcio},
	year = {2008},
	month = {02},
	date = {2008-02},
	journal = {CNS Spectrums},
	pages = {125--130},
	volume = {13},
	number = {2},
	doi = {10.1017/s1092852900016278},
	url = {http://dx.doi.org/10.1017/s1092852900016278},
	langid = {en}
}

@article{Phillips2010,
	title = {Should an obsessive-compulsive spectrum grouping of disorders be included in DSM-V?},
	author = {Phillips, Katharine A. and Stein, Dan J. and Rauch, Scott L and Hollander, Eric and Fallon, Brian A. and Barsky, Arthur and Fineberg, Naomi and Mataix-Cols, David and {Ferrão}, Ygor Arzeno and Saxena, Sanjaya and Wilhelm, Sabine and Kelly, Megan M. and Clark, Lee Anna and Pinto, Anthony and Bienvenu, O. Joseph and Farrow, Joanne and Leckman, James},
	year = {2010},
	month = {06},
	date = {2010-06},
	journal = {Depression and Anxiety},
	pages = {528--555},
	volume = {27},
	number = {6},
	doi = {10.1002/da.20705},
	url = {http://dx.doi.org/10.1002/da.20705},
	langid = {en}
}

@article{Knowles2018,
	title = {Disgust in Anxiety and Obsessive-Compulsive Disorders: Recent Findings and Future Directions},
	author = {Knowles, Kelly A. and Jessup, Sarah C. and Olatunji, Bunmi O.},
	year = {2018},
	month = {08},
	date = {2018-08-09},
	journal = {Current Psychiatry Reports},
	volume = {20},
	number = {9},
	doi = {10.1007/s11920-018-0936-5},
	url = {http://dx.doi.org/10.1007/s11920-018-0936-5},
	langid = {en}
}

@article{Stein2016,
	title = {The classification of Obsessive{\textendash}Compulsive and Related Disorders in the ICD-11},
	author = {Stein, D.J. and Kogan, C.S. and Atmaca, M. and Fineberg, N.A. and Fontenelle, L.F. and Grant, J.E. and Matsunaga, H. and Reddy, Y.C.J. and Simpson, H.B. and Thomsen, P.H. and van den Heuvel, O.A. and Veale, D. and Woods, D.W. and Reed, G.M.},
	year = {2016},
	month = {01},
	date = {2016-01},
	journal = {Journal of Affective Disorders},
	pages = {663--674},
	volume = {190},
	doi = {10.1016/j.jad.2015.10.061},
	url = {http://dx.doi.org/10.1016/j.jad.2015.10.061},
	langid = {en}
}

@article{Jacob2014,
	title = {Insight in adults with obsessive{\textendash}compulsive disorder},
	author = {Jacob, Marni L. and Larson, Michael J. and Storch, Eric A.},
	year = {2014},
	month = {05},
	date = {2014-05},
	journal = {Comprehensive Psychiatry},
	pages = {896--903},
	volume = {55},
	number = {4},
	doi = {10.1016/j.comppsych.2013.12.016},
	url = {http://dx.doi.org/10.1016/j.comppsych.2013.12.016},
	langid = {en}
}

@article{de2009,
	title = {Prevalence of Psychotic Disorders in Patients with Obsessive-Compulsive Disorder},
	author = {de Haan, Lieuwe and Dudek-Hodge, Christine and Verhoeven, Yolanda and Denys, Damiaan},
	year = {2009},
	month = {08},
	date = {2009-08},
	journal = {CNS Spectrums},
	pages = {415--418},
	volume = {14},
	number = {8},
	doi = {10.1017/s1092852900020381},
	url = {http://dx.doi.org/10.1017/s1092852900020381},
	langid = {en}
}

@article{Fontenelle2006,
	title = {The descriptive epidemiology of obsessive{\textendash}compulsive disorder},
	author = {Fontenelle, Leonardo F. and Mendlowicz, Mauro V. and Versiani, Marcio},
	year = {2006},
	month = {05},
	date = {2006-05},
	journal = {Progress in Neuro-Psychopharmacology and Biological Psychiatry},
	pages = {327--337},
	volume = {30},
	number = {3},
	doi = {10.1016/j.pnpbp.2005.11.001},
	url = {http://dx.doi.org/10.1016/j.pnpbp.2005.11.001},
	langid = {en}
}

@article{Achim2011,
	title = {How Prevalent Are Anxiety Disorders in Schizophrenia? A Meta-Analysis and Critical Review on a Significant Association},
	author = {Achim, A. M. and Maziade, M. and Raymond, E. and Olivier, D. and Merette, C. and Roy, M.-A.},
	year = {2009},
	month = {12},
	date = {2009-12-03},
	journal = {Schizophrenia Bulletin},
	pages = {811--821},
	volume = {37},
	number = {4},
	doi = {10.1093/schbul/sbp148},
	url = {http://dx.doi.org/10.1093/schbul/sbp148},
	langid = {en}
}

@article{Kayahan2005,
	title = {Obsessive-compulsive symptoms in schizophrenia: Prevalance and clinical correlates},
	author = {KAYAHAN, BULENT and OZTURK, OZGUR and VEZNEDAROGLU, BAYBARS and ERASLAN, DEFNE},
	year = {2005},
	month = {06},
	date = {2005-06},
	journal = {Psychiatry and Clinical Neurosciences},
	pages = {291--295},
	volume = {59},
	number = {3},
	doi = {10.1111/j.1440-1819.2005.01373.x},
	url = {http://dx.doi.org/10.1111/j.1440-1819.2005.01373.x},
	langid = {en}
}

@article{Swets2014,
	title = {The obsessive compulsive spectrum in schizophrenia, a meta-analysis and meta-regression exploring prevalence rates},
	author = {Swets, Marije and Dekker, Jack and van Emmerik-van Oortmerssen, Katelijne and Smid, Geert E. and Smit, Filip and de Haan, Lieuwe and Schoevers, Robert A.},
	year = {2014},
	month = {02},
	date = {2014-02},
	journal = {Schizophrenia Research},
	pages = {458--468},
	volume = {152},
	number = {2-3},
	doi = {10.1016/j.schres.2013.10.033},
	url = {http://dx.doi.org/10.1016/j.schres.2013.10.033},
	langid = {en}
}

@article{Cederlöf2015,
	title = {Obsessive-Compulsive Disorder, Psychosis, and Bipolarity: A Longitudinal Cohort and Multigenerational Family Study},
	author = {{Cederlöf}, Martin and Lichtenstein, Paul and Larsson, Henrik and Boman, Marcus and {Rück}, Christian and {Landén}, Mikael and Mataix-Cols, David},
	year = {2014},
	month = {12},
	date = {2014-12-15},
	journal = {Schizophrenia Bulletin},
	pages = {1076--1083},
	volume = {41},
	number = {5},
	doi = {10.1093/schbul/sbu169},
	url = {http://dx.doi.org/10.1093/schbul/sbu169},
	langid = {en}
}

@article{Craig2002,
	title = {Obsessive-Compulsive and Panic Symptoms in Patients With First-Admission Psychosis},
	author = {Craig, Thomas and Hwang, Michael Y. and Bromet, Evelyn J.},
	year = {2002},
	month = {04},
	date = {2002-04},
	journal = {American Journal of Psychiatry},
	pages = {592--598},
	volume = {159},
	number = {4},
	doi = {10.1176/appi.ajp.159.4.592},
	url = {http://dx.doi.org/10.1176/appi.ajp.159.4.592},
	langid = {en}
}

@article{busch2009,
	title = {Anger and depression},
	author = {Busch, Fredric N.},
	year = {2009},
	month = {07},
	date = {2009-07},
	journal = {Advances in Psychiatric Treatment},
	pages = {271--278},
	volume = {15},
	number = {4},
	doi = {10.1192/apt.bp.107.004937},
	url = {http://dx.doi.org/10.1192/apt.bp.107.004937},
	langid = {en}
}

@article{Denys2011,
	title = {Obsessionality & compulsivity: a phenomenology of obsessive-compulsive disorder},
	author = {Denys, Damiaan},
	year = {2011},
	date = {2011},
	journal = {Philosophy, Ethics, and Humanities in Medicine},
	pages = {3},
	volume = {6},
	number = {1},
	doi = {10.1186/1747-5341-6-3},
	url = {http://dx.doi.org/10.1186/1747-5341-6-3},
	langid = {en}
}

@article{Bürgy2005,
	title = {Psychopathology of Obsessive-Compulsive Disorder: A Phenomenological Approach},
	author = {{Bürgy}, M.},
	year = {2005},
	date = {2005},
	journal = {Psychopathology},
	pages = {291--300},
	volume = {38},
	number = {6},
	doi = {10.1159/000088917},
	url = {http://dx.doi.org/10.1159/000088917},
	langid = {en}
}

@article{Bürgy2019,
	title = {Phenomenology of Obsessive-Compulsive Disorder: A Methodologically Structured Overview},
	author = {{Bürgy}, Martin},
	year = {2019},
	date = {2019},
	journal = {Psychopathology},
	pages = {174--183},
	volume = {52},
	number = {3},
	doi = {10.1159/000501165},
	url = {http://dx.doi.org/10.1159/000501165},
	langid = {en}
}

@article{poletti2019,
	title = {Obsessively thinking through the schizophrenia spectrum: Disentangling pseudo-obsessive schizophrenia from OCD},
	author = {Poletti, Michele and Raballo, Andrea},
	year = {2019},
	month = {10},
	date = {2019-10},
	journal = {Schizophrenia Research},
	pages = {232--233},
	volume = {212},
	doi = {10.1016/j.schres.2019.08.014},
	url = {http://dx.doi.org/10.1016/j.schres.2019.08.014},
	langid = {en}
}

@article{nakayasu,
	title = {Early Schizophrenia: A New Clinical Entity},
	author = {Nakayasu, Nobuo},
	journal = {2001},
	pages = {182--188},
	volume = {44},
	number = {4}
}

@book{oyebode2015,
	title = {Sims' symptoms in the mind: Textbook of descriptive psychopathology, 5th ed},
	author = {Oyebode, Femi},
	year = {2015},
	date = {2015},
	publisher = {Elsevier Saunders},
	series = {Sims' symptoms in the mind: Textbook of descriptive psychopathology, 5th ed},
	note = {Pages: viii, 388},
	address = {Maryland Heights, MO, US}
}

@book{casey2019,
	title = {Fish's Clinical Psychopathology: Signs and Symptoms in Psychiatry},
	author = {Casey, Patricia},
	year = {2019},
	month = {05},
	date = {2019-05-31},
	address = {Cambridge},
	langid = {Inglés}
}

@inbook{vongebsattel1958,
	title = {The World of the Compulsive.},
	author = {von Gebsattel, V. E.},
	year = {1958},
	date = {1958},
	publisher = {Basic Books/Hachette Book Group},
	pages = {170--187},
	doi = {10.1037/11321-006},
	url = {http://dx.doi.org/10.1037/11321-006}
}

@article{Lee2003,
	title = {Two different types of obsession: autogenous obsessions and reactive obsessions},
	author = {Lee, H.-J and Kwon, S.-M},
	year = {2003},
	month = {01},
	date = {2003-01},
	journal = {Behaviour Research and Therapy},
	pages = {11--29},
	volume = {41},
	number = {1},
	doi = {10.1016/s0005-7967(01)00101-2},
	url = {http://dx.doi.org/10.1016/s0005-7967(01)00101-2},
	langid = {en}
}

@article{Lee2010,
	title = {Differences in latent inhibition as a function of the autogenous{\textendash}reactive OCD subtype},
	author = {Lee, Han-Joo and Telch, Michael J.},
	year = {2010},
	month = {07},
	date = {2010-07},
	journal = {Behaviour Research and Therapy},
	pages = {571--579},
	volume = {48},
	number = {7},
	doi = {10.1016/j.brat.2010.03.006},
	url = {http://dx.doi.org/10.1016/j.brat.2010.03.006},
	langid = {en}
}

@article{Batmaz2016,
	title = {Psychopharmacological treatment differences in autogenous and reactive obsessions: A retrospective chart review},
	author = {Batmaz, Sedat and Yildiz, Mesut and Songur, Emrah},
	year = {2015},
	month = {05},
	date = {2015-05-08},
	journal = {Nordic Journal of Psychiatry},
	pages = {31--37},
	volume = {70},
	number = {1},
	doi = {10.3109/08039488.2015.1041157},
	url = {http://dx.doi.org/10.3109/08039488.2015.1041157},
	langid = {en}
}

@article{hoch1949,
	title = {Pseudoneurotic forms of schizophrenia},
	author = {Hoch, Paul and Polatin, Phillip},
	year = {1949},
	month = {04},
	date = {1949-04},
	journal = {The Psychiatric Quarterly},
	pages = {248--276},
	volume = {23},
	number = {2},
	doi = {10.1007/bf01563119},
	url = {http://dx.doi.org/10.1007/BF01563119},
	langid = {en}
}

@article{Poyurovsky2004,
	title = {Obsessive-Compulsive Disorder in Schizophrenia},
	author = {Poyurovsky, Michael and Weizman, Abraham and Weizman, Ronit},
	year = {2004},
	date = {2004},
	journal = {CNS Drugs},
	pages = {989--1010},
	volume = {18},
	number = {14},
	doi = {10.2165/00023210-200418140-00004},
	url = {http://dx.doi.org/10.2165/00023210-200418140-00004},
	langid = {en}
}

@article{Guillem2009,
	title = {Relationship between psychotic and obsessive compulsive symptoms in schizophrenia},
	author = {Guillem, Francois and Satterthwaite, Jennifer and Pampoulova, Tania and Stip, Emmanuel},
	year = {2009},
	month = {12},
	date = {2009-12},
	journal = {Schizophrenia Research},
	pages = {358--362},
	volume = {115},
	number = {2-3},
	doi = {10.1016/j.schres.2009.06.004},
	url = {http://dx.doi.org/10.1016/j.schres.2009.06.004},
	langid = {en}
}

@article{Grover2017,
	title = {Factor analysis of Y-BOCS checklist and severity scale among patients with schizophrenia},
	author = {Grover, Sandeep and Dua, Devakshi and Chakrabarti, Subho and Avasthi, Ajit},
	year = {2017},
	month = {04},
	date = {2017-04},
	journal = {Asian Journal of Psychiatry},
	pages = {141--145},
	volume = {26},
	doi = {10.1016/j.ajp.2017.01.030},
	url = {http://dx.doi.org/10.1016/j.ajp.2017.01.030},
	langid = {en}
}

@article{Faragian2008,
	title = {Insight into Obsessive-Compulsive Symptoms and Awareness of Illness in Adolescent Schizophrenia Patients with and without OCD},
	author = {Faragian, Sarit and Kurs, Rena and Poyurovsky, Michael},
	year = {2007},
	month = {06},
	date = {2007-06-13},
	journal = {Child Psychiatry and Human Development},
	pages = {39--48},
	volume = {39},
	number = {1},
	doi = {10.1007/s10578-007-0069-2},
	url = {http://dx.doi.org/10.1007/s10578-007-0069-2},
	langid = {en}
}

@inbook{dehaan2015,
	title = {Clinical Presentation of Obsessive-Compulsive Symptoms in Patients with Psychotic Disorders Psychopathological Concepts, Differential Diagnosis, and Symptom Presentation},
	author = {de Haan, Lieuwe and Zink, Mathias},
	year = {2015},
	date = {2015},
	publisher = {Springer International Publishing},
	pages = {33--45},
	doi = {10.1007/978-3-319-12952-5_3},
	url = {http://dx.doi.org/10.1007/978-3-319-12952-5_3}
}

@inbook{cunill2011,
	title = {Schizo-Obsessive Disorder},
	author = {Cunill, Ruth and Castells, Xavier},
	year = {2011},
	date = {2011},
	publisher = {Springer Netherlands},
	pages = {403--448},
	doi = {10.1007/978-94-007-0831-0_17},
	url = {http://dx.doi.org/10.1007/978-94-007-0831-0_17}
}

@article{Parker1997,
	title = {Morbid Jealousy as a Variant of Obsessive-Compulsive Disorder},
	author = {Parker, Gordon and Barrett, Elaine},
	year = {1997},
	month = {02},
	date = {1997-02},
	journal = {Australian & New Zealand Journal of Psychiatry},
	pages = {133--138},
	volume = {31},
	number = {1},
	doi = {10.3109/00048679709073811},
	url = {http://dx.doi.org/10.3109/00048679709073811},
	langid = {en}
}

@article{gangdev2002,
	title = {The Relationship Between Obsessive-Compulsive Disorder and Psychosis},
	author = {Gangdev, Prakash S},
	year = {2002},
	month = {08},
	date = {2002-08},
	journal = {Australasian Psychiatry},
	pages = {405--410},
	volume = {10},
	number = {4},
	doi = {10.1046/j.1440-1665.2002.00505.x},
	url = {http://dx.doi.org/10.1046/j.1440-1665.2002.00505.x},
	langid = {en}
}

@article{Rodriguez2010,
	title = {Diagnosis and Treatment of a Patient With Both Psychotic and Obsessive-Compulsive Symptoms},
	author = {Rodriguez, Carolyn I. and Corcoran, Cheryl and Simpson, Helen Blair},
	year = {2010},
	month = {07},
	date = {2010-07},
	journal = {American Journal of Psychiatry},
	pages = {754--761},
	volume = {167},
	number = {7},
	doi = {10.1176/appi.ajp.2009.09070997},
	url = {http://dx.doi.org/10.1176/appi.ajp.2009.09070997},
	langid = {en}
}

@article{Oulis2013,
	title = {Differential diagnosis of obsessive-compulsive symptoms from delusions in schizophrenia: A phenomenological approach},
	author = {Oulis, Panagiotis},
	year = {2013},
	date = {2013},
	journal = {World Journal of Psychiatry},
	pages = {50},
	volume = {3},
	number = {3},
	doi = {10.5498/wjp.v3.i3.50},
	url = {http://dx.doi.org/10.5498/wjp.v3.i3.50},
	langid = {en}
}

@article{Zink2014,
	title = {Comorbid Obsessive-Compulsive Symptoms in Schizophrenia: Insight into Pathomechanisms Facilitates Treatment},
	author = {Zink, Mathias},
	year = {2014},
	date = {2014},
	journal = {Advances in Medicine},
	pages = {1--18},
	volume = {2014},
	doi = {10.1155/2014/317980},
	url = {http://dx.doi.org/10.1155/2014/317980},
	langid = {en}
}

@article{Brakoulias2011,
	title = {The Characterization of Beliefs in Obsessive{\textendash}Compulsive Disorder},
	author = {Brakoulias, Vlasios and Starcevic, Vladan},
	year = {2010},
	month = {10},
	date = {2010-10-09},
	journal = {Psychiatric Quarterly},
	pages = {151--161},
	volume = {82},
	number = {2},
	doi = {10.1007/s11126-010-9157-8},
	url = {http://dx.doi.org/10.1007/s11126-010-9157-8},
	langid = {en}
}

@article{Krüger2000,
	title = {Prevalence of Obsessive-Compulsive Disorder in Schizophrenia and Significance of Motor Symptoms},
	author = {{Krüger}, Stephanie and {Bräunig}, Peter and {Höffler}, {Jürgen} and Shugar, Gerald and {Börner}, Ingrid and {Langkrär}, Julia},
	year = {2000},
	month = {02},
	date = {2000-02},
	journal = {The Journal of Neuropsychiatry and Clinical Neurosciences},
	pages = {16--24},
	volume = {12},
	number = {1},
	doi = {10.1176/jnp.12.1.16},
	url = {http://dx.doi.org/10.1176/jnp.12.1.16},
	langid = {en}
}

@article{Swets2019,
	title = {Longitudinal association between motor and obsessive compulsive symptoms in patients with psychosis and their unaffected siblings},
	author = {Swets, Marije and ,  and Schirmbeck, Frederike and Dekker, Jack and de Haan, Lieuwe},
	year = {2018},
	month = {05},
	date = {2018-05-29},
	journal = {European Archives of Psychiatry and Clinical Neuroscience},
	pages = {257--268},
	volume = {269},
	number = {2},
	doi = {10.1007/s00406-018-0898-y},
	url = {http://dx.doi.org/10.1007/s00406-018-0898-y},
	langid = {en}
}

@article{Fontenelle2007,
	title = {Catatonia in Obsessive-compulsive Disorder: Etiopathogenesis, Differential Diagnosis, and Clinical Management},
	author = {Fontenelle, Leonardo F. and Lauterbach, Edward C. and Telles, Leonardo L. and Versiani, Marcio and Porto, {Fábio H.} and Mendlowicz, Mauro V.},
	year = {2007},
	month = {03},
	date = {2007-03},
	journal = {Cognitive and Behavioral Neurology},
	pages = {21--24},
	volume = {20},
	number = {1},
	doi = {10.1097/wnn.0b013e31802e3bc6},
	url = {http://dx.doi.org/10.1097/WNN.0b013e31802e3bc6},
	langid = {en}
}

@article{liikkanen2011,
	title = {Musical activities predispose to involuntary musical imagery},
	author = {Liikkanen, Lassi A.},
	year = {2011},
	month = {06},
	date = {2011-06-27},
	journal = {Psychology of Music},
	pages = {236--256},
	volume = {40},
	number = {2},
	doi = {10.1177/0305735611406578},
	url = {http://dx.doi.org/10.1177/0305735611406578},
	langid = {en}
}

@article{de1986,
	title = {Obsessional-compulsive imagery},
	author = {de Silva, Padmal},
	year = {1986},
	date = {1986},
	journal = {Behaviour Research and Therapy},
	pages = {333--350},
	volume = {24},
	number = {3},
	doi = {10.1016/0005-7967(86)90193-2},
	url = {http://dx.doi.org/10.1016/0005-7967(86)90193-2},
	langid = {en}
}

@article{Moritz2014,
	title = {Perceptual Properties of Obsessive Thoughts are Associated With Low Insight in Obsessive-Compulsive Disorder},
	author = {Moritz, Steffen and Claussen, Marike and Hauschildt, Marit and Kellner, Michael},
	year = {2014},
	month = {07},
	date = {2014-07},
	journal = {Journal of Nervous & Mental Disease},
	pages = {562--565},
	volume = {202},
	number = {7},
	doi = {10.1097/nmd.0000000000000156},
	url = {http://dx.doi.org/10.1097/NMD.0000000000000156},
	langid = {en}
}

@article{Röhlinger2015,
	title = {Sensory properties of obsessive thoughts in OCD and the relationship to psychopathology},
	author = {{Röhlinger}, Jana and Wulf, Falk and Fieker, Martina and Moritz, Steffen},
	year = {2015},
	month = {12},
	date = {2015-12},
	journal = {Psychiatry Research},
	pages = {592--596},
	volume = {230},
	number = {2},
	doi = {10.1016/j.psychres.2015.10.009},
	url = {http://dx.doi.org/10.1016/j.psychres.2015.10.009},
	langid = {en}
}

@article{stengel1945,
	title = {A Study on Some Clinical Aspects of the Relationship between Obsessional Neurosis and Psychotic Reaction Types},
	author = {Stengel, E.},
	year = {1945},
	month = {04},
	date = {1945-04},
	journal = {Journal of Mental Science},
	pages = {166--187},
	volume = {91},
	number = {383},
	doi = {10.1192/bjp.91.383.166},
	url = {http://dx.doi.org/10.1192/bjp.91.383.166},
	langid = {en}
}

@article{agostoni2022,
	title = {Obsessive-compulsive symptoms moderates the effects of cognitive functioning on quality of life in clozapine-treated schizophrenia},
	author = {Agostoni, Giulia and Bechi, Margherita and Buonocore, Mariachiara and Cuoco, Federica and Sapienza, Jacopo and Spangaro, Marco and Martini, Francesca and Cocchi, Federica and Ferri, Ilaria and {Cantù}, Filippo and Cavallaro, Roberto and Bosia, Marta},
	year = {2022},
	month = {06},
	date = {2022-06},
	journal = {Psychiatry Research Communications},
	pages = {100043},
	volume = {2},
	number = {2},
	doi = {10.1016/j.psycom.2022.100043},
	url = {http://dx.doi.org/10.1016/j.psycom.2022.100043},
	langid = {en}
}

@article{wehbé2019,
	title = {Prevalence of Obsessive-Compulsive Disorder in Patients With Schizophrenia and Outcome on Positive and Negative Symptoms, Cognition, and Quality of Life},
	author = {{Wehbé}, Joelle and Haddad, Chadia and Obeid, Sahar and Hallit, Souheil and Haddad, Georges},
	year = {2019},
	month = {04},
	date = {2019-04},
	journal = {Journal of Nervous & Mental Disease},
	pages = {239--245},
	volume = {207},
	number = {4},
	doi = {10.1097/nmd.0000000000000956},
	url = {http://dx.doi.org/10.1097/NMD.0000000000000956},
	langid = {en}
}

@article{kim2015,
	title = {Associations of obsessive{\textendash}compulsive symptoms with clinical and neurocognitive features in schizophrenia according to stage of illness},
	author = {Kim, Sung-Wan and Jeong, Bo-Ok and Kim, Jae-Min and Shin, Il-Seon and Hwang, Michael Y. and Paul Amminger, G. and Nelson, Barnaby and Berk, Michael and McGorry, Patrick and Yoon, Jin-Sang},
	year = {2015},
	month = {03},
	date = {2015-03},
	journal = {Psychiatry Research},
	pages = {368--375},
	volume = {226},
	number = {1},
	doi = {10.1016/j.psychres.2015.01.021},
	url = {http://dx.doi.org/10.1016/j.psychres.2015.01.021},
	langid = {en}
}

@article{Cunill2009,
	title = {Relationships Between Obsessive-Compulsive Symptomatology and Severity of Psychosis in Schizophrenia},
	author = {Cunill, Ruth and Castells, Xavier and Simeon, Daphne},
	year = {2008},
	month = {12},
	date = {2008-12-02},
	journal = {The Journal of Clinical Psychiatry},
	pages = {70--82},
	volume = {70},
	number = {1},
	doi = {10.4088/jcp.07r03618},
	url = {http://dx.doi.org/10.4088/jcp.07r03618}
}

@article{Üçok2011,
	title = {Obsessive compulsive disorder and symptoms may have different effects on schizophrenia},
	author = {{Üçok}, Alp and Ceylan, M. Emin and Tihan, {Aysu K{\i}vrak} and {Lapçin}, Sema and Ger, Can and {Tükel}, {Ra{\c{s}}it}},
	year = {2011},
	month = {03},
	date = {2011-03},
	journal = {Progress in Neuro-Psychopharmacology and Biological Psychiatry},
	pages = {429--433},
	volume = {35},
	number = {2},
	doi = {10.1016/j.pnpbp.2010.08.021},
	url = {http://dx.doi.org/10.1016/j.pnpbp.2010.08.021},
	langid = {en}
}

@article{Ongür2005,
	title = {Obsessive{\textendash}compulsive symptoms in schizophrenia: associated clinical features, cognitive function and medication status},
	author = {{Öngür}, Dost and Goff, Donald C.},
	year = {2005},
	month = {06},
	date = {2005-06},
	journal = {Schizophrenia Research},
	pages = {349--362},
	volume = {75},
	number = {2-3},
	doi = {10.1016/j.schres.2004.08.012},
	url = {http://dx.doi.org/10.1016/j.schres.2004.08.012},
	langid = {en}
}

@article{Poyurovsky1999,
	title = {Obsessive-Compulsive Disorder in Patients With First-Episode Schizophrenia},
	author = {Poyurovsky, Michael and Fuchs, Camil and Weizman, Abraham},
	year = {1999},
	month = {12},
	date = {1999-12-01},
	journal = {American Journal of Psychiatry},
	pages = {1998--2000},
	volume = {156},
	number = {12},
	doi = {10.1176/ajp.156.12.1998},
	url = {http://dx.doi.org/10.1176/ajp.156.12.1998},
	langid = {en}
}

@article{de2013,
	title = {The 5-Year Course of Obsessive-Compulsive Symptoms and Obsessive-Compulsive Disorder in First-Episode Schizophrenia and Related Disorders},
	author = {de Haan, L. and Sterk, B. and Wouters, L. and Linszen, D. H.},
	year = {2011},
	month = {07},
	date = {2011-07-28},
	journal = {Schizophrenia Bulletin},
	pages = {151--160},
	volume = {39},
	number = {1},
	doi = {10.1093/schbul/sbr077},
	url = {http://dx.doi.org/10.1093/schbul/sbr077},
	langid = {en}
}

@article{Tiryaki2010,
	title = {Do the obsessive-compulsive symptoms have an effect in schizophrenia?},
	author = {Tiryaki, Ahmet and {Özkorumak}, Evrim},
	year = {2010},
	month = {07},
	date = {2010-07},
	journal = {Comprehensive Psychiatry},
	pages = {357--362},
	volume = {51},
	number = {4},
	doi = {10.1016/j.comppsych.2009.10.007},
	url = {http://dx.doi.org/10.1016/j.comppsych.2009.10.007},
	langid = {en}
}

@article{Üçok2014,
	title = {Obsessive compulsive symptoms are related to lower quality of life in patients with Schizophrenia},
	author = {{Üçok}, Alp and {K{\i}vrak Tihan}, Aysu and {Karaday{\i}}, {Gül{\c{s}}ah} and {Tükel}, {Ra{\c{s}}it}},
	year = {2014},
	month = {08},
	date = {2014-08-26},
	journal = {International Journal of Psychiatry in Clinical Practice},
	pages = {243--247},
	volume = {18},
	number = {4},
	doi = {10.3109/13651501.2014.943243},
	url = {http://dx.doi.org/10.3109/13651501.2014.943243},
	langid = {en}
}

@article{Abramovitch2019,
	title = {The impact of symptom severity on cognitive function in obsessive-compulsive disorder: A meta-analysis},
	author = {Abramovitch, Amitai and McCormack, Breana and Brunner, Devon and Johnson, Mckensey and Wofford, Nathan},
	year = {2019},
	month = {02},
	date = {2019-02},
	journal = {Clinical Psychology Review},
	pages = {36--44},
	volume = {67},
	doi = {10.1016/j.cpr.2018.09.003},
	url = {http://dx.doi.org/10.1016/j.cpr.2018.09.003},
	langid = {en}
}

@article{Cunill2013,
	title = {The effect of obsessive-compulsive symptomatology on executive functions in schizophrenia: A systematic review and meta-analysis},
	author = {Cunill, Ruth and Huerta-Ramos, Elena and Castells, Xavier},
	year = {2013},
	month = {11},
	date = {2013-11},
	journal = {Psychiatry Research},
	pages = {21--28},
	volume = {210},
	number = {1},
	doi = {10.1016/j.psychres.2013.05.029},
	url = {http://dx.doi.org/10.1016/j.psychres.2013.05.029},
	langid = {en}
}

@article{Schirmbeck2013,
	title = {Stable Cognitive Deficits in Schizophrenia Patients With Comorbid Obsessive-Compulsive Symptoms: A 12-Month Longitudinal Study},
	author = {Schirmbeck, F. and Rausch, F. and Englisch, S. and Eifler, S. and Esslinger, C. and Meyer-Lindenberg, A. and Zink, M.},
	year = {2012},
	month = {10},
	date = {2012-10-27},
	journal = {Schizophrenia Bulletin},
	pages = {1261--1271},
	volume = {39},
	number = {6},
	doi = {10.1093/schbul/sbs123},
	url = {http://dx.doi.org/10.1093/schbul/sbs123},
	langid = {en}
}

@article{Frías2014,
	title = {Neuropsychological profile and treatment-related features among patients with comorbidity between schizophrenia spectrum disorder and obsessive{\textendash}compulsive disorder: Is there evidence for a {\textquotedblleft}schizo-obsessive{\textquotedblright} subtype?},
	author = {{Frías}, {Álvaro} and Palma, {Cárol} and Farriols, {Núria} and Becerra, Carolina and {Álvarez}, Ana and {Cañete}, {José}},
	year = {2014},
	month = {12},
	date = {2014-12},
	journal = {Psychiatry Research},
	pages = {846--854},
	volume = {220},
	number = {3},
	doi = {10.1016/j.psychres.2014.10.003},
	url = {http://dx.doi.org/10.1016/j.psychres.2014.10.003},
	langid = {en}
}

@article{Ohta2003,
	title = {Features of obsessive-compulsive disorder in patients primarily diagnosed with schizophrenia},
	author = {Ohta, Masayuki and Kokai, Masahiro and Morita, Yoshio},
	year = {2003},
	month = {02},
	date = {2003-02},
	journal = {Psychiatry and Clinical Neurosciences},
	pages = {67--74},
	volume = {57},
	number = {1},
	doi = {10.1046/j.1440-1819.2003.01081.x},
	url = {http://dx.doi.org/10.1046/j.1440-1819.2003.01081.x},
	langid = {en}
}

@article{Tibbo2000,
	title = {Obsessive{\textendash}compulsive disorder in schizophrenia},
	author = {Tibbo, P and Kroetsch, M and Chue, P and Warneke, L},
	year = {2000},
	month = {03},
	date = {2000-03},
	journal = {Journal of Psychiatric Research},
	pages = {139--146},
	volume = {34},
	number = {2},
	doi = {10.1016/s0022-3956(99)00048-5},
	url = {http://dx.doi.org/10.1016/s0022-3956(99)00048-5},
	langid = {en}
}

@article{Schirmbeck2013a,
	title = {Comorbid obsessive-compulsive symptoms in schizophrenia: contributions of pharmacological and genetic factors},
	author = {Schirmbeck, Frederike and Zink, Mathias},
	year = {2013},
	date = {2013},
	journal = {Frontiers in Pharmacology},
	volume = {4},
	doi = {10.3389/fphar.2013.00099},
	url = {http://dx.doi.org/10.3389/fphar.2013.00099}
}

@article{Niendam2009,
	title = {Obsessive compulsive symptoms in the psychosis prodrome: Correlates of clinical and functional outcome},
	author = {Niendam, Tara A. and Berzak, Jodi and Cannon, Tyrone D. and Bearden, Carrie E.},
	year = {2009},
	month = {03},
	date = {2009-03},
	journal = {Schizophrenia Research},
	pages = {170--175},
	volume = {108},
	number = {1-3},
	doi = {10.1016/j.schres.2008.11.023},
	url = {http://dx.doi.org/10.1016/j.schres.2008.11.023},
	langid = {en}
}

@article{Soyata2018,
	title = {Relationship of obsessive-compulsive symptoms to clinical variables and cognitive functions in individuals at ultra high risk for psychosis},
	author = {Soyata, Ahmet Zihni and {Ak{\i}{\c{s}}{\i}k}, Selin and {{\.{I}}nhanl{\i}}, Damla and Noyan, Handan and {Üçok}, Alp},
	year = {2018},
	month = {03},
	date = {2018-03},
	journal = {Psychiatry Research},
	pages = {332--337},
	volume = {261},
	doi = {10.1016/j.psychres.2018.01.004},
	url = {http://dx.doi.org/10.1016/j.psychres.2018.01.004},
	langid = {en}
}

@article{de2013a,
	title = {Presence of obsessive compulsive symptoms in first-episode schizophrenia or related disorders is associated with subjective well-being and quality of life},
	author = {de Haan, Lieuwe and Sterk, Bouke and van der Valk, Renate},
	year = {2012},
	month = {07},
	date = {2012-07-03},
	journal = {Early Intervention in Psychiatry},
	pages = {285--290},
	volume = {7},
	number = {3},
	doi = {10.1111/j.1751-7893.2012.00377.x},
	url = {http://dx.doi.org/10.1111/j.1751-7893.2012.00377.x},
	langid = {en}
}

@article{DeVylder2012,
	title = {Obsessive compulsive symptoms in individuals at clinical risk for psychosis: Association with depressive symptoms and suicidal ideation},
	author = {DeVylder, Jordan E. and Oh, Amy J. and Ben-David, Shelly and Azimov, Neyra and Harkavy-Friedman, Jill M. and Corcoran, Cheryl M.},
	year = {2012},
	month = {09},
	date = {2012-09},
	journal = {Schizophrenia Research},
	pages = {110--113},
	volume = {140},
	number = {1-3},
	doi = {10.1016/j.schres.2012.07.009},
	url = {http://dx.doi.org/10.1016/j.schres.2012.07.009},
	langid = {en}
}

@article{Hur2012,
	title = {Clinical and neurocognitive profiles of subjects at high risk for psychosis with and without obsessive{\textendash}compulsive symptoms},
	author = {Hur, Ji-Won and Shin, Na Young and Jang, Joon Hwan and Shim, Geumsook and Park, Hye Yoon and Hwang, Jae Yeon and Kim, Sung Nyun and Yoo, Jung Hyun and Hong, Kyung Sue and Kwon, Jun Soo},
	year = {2012},
	month = {02},
	date = {2012-02},
	journal = {Australian & New Zealand Journal of Psychiatry},
	pages = {161--169},
	volume = {46},
	number = {2},
	doi = {10.1177/0004867411432851},
	url = {http://dx.doi.org/10.1177/0004867411432851},
	langid = {en}
}

@article{Fontenelle2011,
	title = {A longitudinal study of obsessive-compulsive disorder in individuals at ultra-high risk for psychosis},
	author = {Fontenelle, Leonardo F. and Lin, Ashleigh and Pantelis, Christos and Wood, Stephen J. and Nelson, Barnaby and Yung, Alison R.},
	year = {2011},
	month = {09},
	date = {2011-09},
	journal = {Journal of Psychiatric Research},
	pages = {1140--1145},
	volume = {45},
	number = {9},
	doi = {10.1016/j.jpsychires.2011.03.005},
	url = {http://dx.doi.org/10.1016/j.jpsychires.2011.03.005},
	langid = {en}
}

@article{Fontenelle2012,
	title = {Markers of vulnerability to obsessive-compulsive disorder in an ultra-high risk sample of patients who developed psychosis},
	author = {Fontenelle, Leonardo F. and Lin, Ashleigh and Pantelis, Christos and Wood, Stephen J. and Nelson, Barnaby and Yung, Alison R.},
	year = {2012},
	month = {04},
	date = {2012-04-18},
	journal = {Early Intervention in Psychiatry},
	pages = {201--206},
	volume = {6},
	number = {2},
	doi = {10.1111/j.1751-7893.2012.00357.x},
	url = {http://dx.doi.org/10.1111/j.1751-7893.2012.00357.x},
	langid = {en}
}

@article{Fusar-Poli2014,
	title = {Comorbid Depressive and Anxiety Disorders in 509 Individuals With an At-Risk Mental State: Impact on Psychopathology and Transition to Psychosis},
	author = {Fusar-Poli, P. and Nelson, B. and Valmaggia, L. and Yung, A. R. and McGuire, P. K.},
	year = {2012},
	month = {11},
	date = {2012-11-22},
	journal = {Schizophrenia Bulletin},
	pages = {120--131},
	volume = {40},
	number = {1},
	doi = {10.1093/schbul/sbs136},
	url = {http://dx.doi.org/10.1093/schbul/sbs136},
	langid = {en}
}

@article{Hagen2013,
	title = {Prevalence and clinical characteristics of patients with obsessive-compulsive disorder in first-episode psychosis},
	author = {Hagen, Kristen and Hansen, Bjarne and Joa, Inge and Larsen, Tor Ketil},
	year = {2013},
	month = {05},
	date = {2013-05-30},
	journal = {BMC Psychiatry},
	volume = {13},
	number = {1},
	doi = {10.1186/1471-244x-13-156},
	url = {http://dx.doi.org/10.1186/1471-244X-13-156},
	langid = {en}
}

@article{Schirmbeck2018,
	title = {Obsessive{\textendash}compulsive symptoms and overall psychopathology in psychotic disorders: longitudinal assessment of patients and siblings},
	author = {Schirmbeck, Frederike and ,  and Swets, Marije and Meijer, Carin J. and Zink, Mathias and de Haan, Lieuwe},
	year = {2016},
	month = {12},
	date = {2016-12-17},
	journal = {European Archives of Psychiatry and Clinical Neuroscience},
	pages = {279--289},
	volume = {268},
	number = {3},
	doi = {10.1007/s00406-016-0751-0},
	url = {http://dx.doi.org/10.1007/s00406-016-0751-0},
	langid = {en}
}

@article{Tonna2016,
	title = {Comorbid bipolar disorder and obsessive-compulsive disorder: Which came first?},
	author = {Tonna, Matteo and Amerio, Andrea and Odone, Anna and Stubbs, Brendon and Ghaemi, S Nassir},
	year = {2015},
	month = {12},
	date = {2015-12-18},
	journal = {Australian & New Zealand Journal of Psychiatry},
	pages = {695--698},
	volume = {50},
	number = {7},
	doi = {10.1177/0004867415621395},
	url = {http://dx.doi.org/10.1177/0004867415621395},
	langid = {en}
}

@article{bottas2005,
	title = {Comorbidity and pathophysiology of obsessive-compulsive disorder in schizophrenia: is there evidence for a schizo-obsessive subtype of schizophrenia?},
	author = {Bottas, Alexandra and Cooke, Robert G. and Richter, Margaret A.},
	year = {2005},
	month = {05},
	date = {2005-05},
	journal = {Journal of psychiatry & neuroscience: JPN},
	pages = {187--193},
	volume = {30},
	number = {3},
	note = {PMID: 15944743
PMCID: PMC1089779},
	langid = {eng}
}
