
@article{El2002,
	title = {Validity of the depressive dimension extracted from principal component analysis of the PANSS in drug-free patients with schizophrenia},
	author = {El Yazaji, Meriem and Battas, Omar and Agoub, Mohamed and Moussaoui, Driss and Gutknecht, Christel and Dalery, Jean and {d'Amato}, Thierry and Saoud, Mohamed},
	year = {2002},
	month = {07},
	date = {2002-07},
	journal = {Schizophrenia Research},
	pages = {121--127},
	volume = {56},
	number = {1-2},
	doi = {10.1016/s0920-9964(01)00247-x},
	url = {http://dx.doi.org/10.1016/s0920-9964(01)00247-x},
	langid = {en}
}

@article{lako2012,
	title = {A systematic review of instruments to measure depressive symptoms in patients with schizophrenia},
	author = {Lako, Irene M. and Bruggeman, R. and Knegtering, H. and Wiersma, D. and Schoevers, R.A. and Slooff, C.J. and Taxis, K.},
	year = {2012},
	month = {09},
	date = {2012-09},
	journal = {Journal of Affective Disorders},
	pages = {38--47},
	volume = {140},
	number = {1},
	doi = {10.1016/j.jad.2011.10.014},
	url = {http://dx.doi.org/10.1016/j.jad.2011.10.014},
	langid = {en}
}

@article{Addington1992,
	title = {Reliability and validity of a depression rating scale for schizophrenics},
	author = {Addington, Donald and Addington, Jean and Maticka-Tyndale, Eleanor and Joyce, Joan},
	year = {1992},
	month = {03},
	date = {1992-03},
	journal = {Schizophrenia Research},
	pages = {201--208},
	volume = {6},
	number = {3},
	doi = {10.1016/0920-9964(92)90003-n},
	url = {http://dx.doi.org/10.1016/0920-9964(92)90003-n},
	langid = {en}
}

@article{Kim2006,
	title = {Diagnostic validity of assessment scales for depression in patients with schizophrenia},
	author = {Kim, Sung-Wan and Kim, Su-Jung and Yoon, Bo-Hyun and Kim, Jae-Min and Shin, Il-Seon and Hwang, Michael Y. and Yoon, Jin-Sang},
	year = {2006},
	month = {09},
	date = {2006-09},
	journal = {Psychiatry Research},
	pages = {57--63},
	volume = {144},
	number = {1},
	doi = {10.1016/j.psychres.2005.10.002},
	url = {http://dx.doi.org/10.1016/j.psychres.2005.10.002},
	langid = {en}
}

@article{Schennach2012,
	title = {Evaluating Depressive Symptoms in Schizophrenia: A Psychometric Comparison of the Calgary Depression Scale for Schizophrenia and the Hamilton Depression Rating Scale},
	author = {Schennach, Rebecca and Obermeier, Michael and {Seemüller}, Florian and {Jäger}, Markus and Schmauss, Max and Laux, Gerd and Pfeiffer, Herbert and Naber, Dieter and Schmidt, Lutz G. and Gaebel, Wolfgang and {Klosterkötter}, Joachim and Heuser, Isabella and Maier, Wolfgang and Lemke, Matthias R. and {Rüther}, Eckart and Klingberg, Stefan and Gastpar, Markus and Riedel, Michael and {Möller}, {Hans-Jürgen}},
	year = {2012},
	date = {2012},
	journal = {Psychopathology},
	pages = {276--285},
	volume = {45},
	number = {5},
	doi = {10.1159/000336729},
	url = {http://dx.doi.org/10.1159/000336729},
	langid = {en}
}

@article{Scholes2013,
	title = {Measuring depression in schizophrenia with questionnaires},
	author = {SCHOLES, B. and MARTIN, C. R.},
	year = {2012},
	month = {02},
	date = {2012-02-17},
	journal = {Journal of Psychiatric and Mental Health Nursing},
	pages = {17--22},
	volume = {20},
	number = {1},
	doi = {10.1111/j.1365-2850.2012.01877.x},
	url = {http://dx.doi.org/10.1111/j.1365-2850.2012.01877.x},
	langid = {en}
}

@article{Drake1985,
	title = {Suicide among schizophrenics: A review},
	author = {Drake, Robert and Whitaker, Anne and Gates, Charlene and Cotton, Paul},
	year = {1985},
	month = {01},
	date = {1985-01},
	journal = {Comprehensive Psychiatry},
	pages = {90--100},
	volume = {26},
	number = {1},
	doi = {10.1016/0010-440x(85)90053-7},
	url = {http://dx.doi.org/10.1016/0010-440x(85)90053-7},
	langid = {en}
}

@article{Lu2017,
	title = {Posttraumatic Reactions to Psychosis: A Qualitative Analysis},
	author = {Lu, Weili and Mueser, Kim T. and Rosenberg, Stanley D. and Yanos, Philip T. and Mahmoud, Neisrein},
	year = {2017},
	month = {07},
	date = {2017-07-19},
	journal = {Frontiers in Psychiatry},
	volume = {8},
	doi = {10.3389/fpsyt.2017.00129},
	url = {http://dx.doi.org/10.3389/fpsyt.2017.00129}
}

@article{Upthegrove2021,
	title = {The Psychopathology and Neuroanatomical Markers of Depression in Early Psychosis},
	author = {Upthegrove, Rachel and Lalousis, Paris and Mallikarjun, Pavan and Chisholm, Katharine and Griffiths, Sian Lowri and Iqbal, Mariam and Pelton, Mirabel and Reniers, Renate and Stainton, Alexandra and Rosen, Marlene and Ruef, Anne and Dwyer, Dominic B and Surman, Marian and Haidl, Theresa and Penzel, Nora and Kambeitz-llankovic, Lana and Bertolino, Alessandro and Brambilla, Paolo and Borgwardt, Stefan and Kambeitz, Joseph and Lencer, Rebekka and Pantelis, Christos and Ruhrmann, Stephan and Schultze-Lutter, Frauke and Salokangas, Raimo K R and Meisenzahl, Eva and Wood, Stephen J and Koutsouleris, Nikolaos and , },
	year = {2020},
	month = {07},
	date = {2020-07-07},
	journal = {Schizophrenia Bulletin},
	pages = {249--258},
	volume = {47},
	number = {1},
	doi = {10.1093/schbul/sbaa094},
	url = {http://dx.doi.org/10.1093/schbul/sbaa094},
	langid = {en}
}

@article{upthegrove2018,
	title = {S13. DO PATIENTS WITH RECENT-ONSET DEPRESSION DIFFER CLINICALLY AND NEUROBIOLOGICALLY FROM DEPRESSED PATIENTS WITH A CLINICAL HIGH-RISK STATE FOR PSYCHOSIS?},
	author = {Upthegrove, Rachel and Reniers, Renate and Mallikarjun, Pavan and Meisenzahl, Eva and Chisholm, Katharine and Borgwardt, Stefan and Ruhrmann, Stephan and Salokangas, Raimo and Brambilla, Paolo and Wood, Stephen and Koutsouleris, Nikolaos and Alexandros Lalousis, Paris},
	year = {2018},
	month = {04},
	date = {2018-04-01},
	journal = {Schizophrenia Bulletin},
	pages = {S328--S329},
	volume = {44},
	number = {suppl{\_}1},
	doi = {10.1093/schbul/sby018.800},
	url = {http://dx.doi.org/10.1093/schbul/sby018.800},
	langid = {en}
}

@article{Serretti2004,
	title = {Depressive syndrome in major psychoses: a study on 1351 subjects},
	author = {Serretti, Alessandro and Mandelli, Laura and Lattuada, Enrico and Smeraldi, Enrico},
	year = {2004},
	month = {06},
	date = {2004-06},
	journal = {Psychiatry Research},
	pages = {85--99},
	volume = {127},
	number = {1-2},
	doi = {10.1016/j.psychres.2003.12.025},
	url = {http://dx.doi.org/10.1016/j.psychres.2003.12.025},
	langid = {en}
}

@article{lange2021,
	title = {A comparison of depressive symptom profiles between current major depressive disorder and schizophrenia spectrum disorder},
	author = {Lange, Sjors M.M. and Schirmbeck, Frederike and Stek, Max L. and Murk Jansen, Yentl R. and van Rooijen, Geeske and de Haan, Lieuwe and Penninx, Brenda W.J.H. and Rhebergen, Didi and Amelsvoort, Therese van and Bartels-Velthuis, Agna A. and Bruggeman, Richard and Cahn, Wiepke and de Haan, Lieuwe and Kahn, Rene S. and Schirmbeck, Frederike and Simons, Claudia J.P. and van Os, Jim},
	year = {2021},
	month = {03},
	date = {2021-03},
	journal = {Journal of Psychiatric Research},
	pages = {143--151},
	volume = {135},
	doi = {10.1016/j.jpsychires.2021.01.009},
	url = {http://dx.doi.org/10.1016/j.jpsychires.2021.01.009},
	langid = {en}
}

@article{Picardi2018,
	title = {Delusional Themes Across Affective and Non-Affective Psychoses},
	author = {Picardi, Angelo and Fonzi, Laura and Pallagrosi, Mauro and Gigantesco, Antonella and Biondi, Massimo},
	year = {2018},
	month = {04},
	date = {2018-04-05},
	journal = {Frontiers in Psychiatry},
	volume = {9},
	doi = {10.3389/fpsyt.2018.00132},
	url = {http://dx.doi.org/10.3389/fpsyt.2018.00132}
}

@article{Stanghellini2015,
	title = {Differential typology of delusions in major depression and schizophrenia. A critique to the unitary concept of {\textquoteleft}psychosis{\textquoteright}},
	author = {Stanghellini, Giovanni and Raballo, Andrea},
	year = {2015},
	month = {01},
	date = {2015-01},
	journal = {Journal of Affective Disorders},
	pages = {171--178},
	volume = {171},
	doi = {10.1016/j.jad.2014.09.027},
	url = {http://dx.doi.org/10.1016/j.jad.2014.09.027},
	langid = {en}
}

@article{Hausmann2002,
	title = {Differential diagnosis of depressed mood in patients with schizophrenia: a diagnostic algorithm based on a review},
	author = {Hausmann, A. and Fleischhacker, W. W.},
	year = {2002},
	month = {07},
	date = {2002-07-18},
	journal = {Acta Psychiatrica Scandinavica},
	pages = {83--96},
	volume = {106},
	number = {2},
	doi = {10.1034/j.1600-0447.2002.02120.x},
	url = {http://dx.doi.org/10.1034/j.1600-0447.2002.02120.x},
	langid = {en}
}

@article{Seemüller2012,
	title = {Akathisia and Suicidal Ideation in First-Episode Schizophrenia},
	author = {{Seemüller}, Florian and Schennach, Rebecca and Mayr, Andreas and Musil, Richard and {Jäger}, Markus and Maier, Wolfgang and Klingenberg, Stefan and Heuser, Isabella and {Klosterkötter}, Joachim and Gastpar, Markus and Schmitt, Andrea and {Schlösser}, Ralf and Schneider, Frank and Ohmann, Christian and Lewitzka, Ute and Gaebel, Wolfgang and {Möller}, {Hans-Jürgen} and Riedel, Michael},
	year = {2012},
	month = {10},
	date = {2012-10},
	journal = {Journal of Clinical Psychopharmacology},
	pages = {694--698},
	volume = {32},
	number = {5},
	doi = {10.1097/jcp.0b013e3182677958},
	url = {http://dx.doi.org/10.1097/JCP.0b013e3182677958},
	langid = {en}
}

@article{Berardi2000,
	title = {Clinical correlates of akathisia in acute psychiatric inpatients},
	author = {Berardi, D. and Giannelli, A. and Barnes, T. R. E.},
	year = {2000},
	month = {07},
	date = {2000-07},
	journal = {International Clinical Psychopharmacology},
	pages = {215--219},
	volume = {15},
	number = {4},
	doi = {10.1097/00004850-200015040-00004},
	url = {http://dx.doi.org/10.1097/00004850-200015040-00004},
	langid = {en}
}

@article{Salem2017,
	title = {Revisiting Antipsychotic-induced Akathisia: Current Issues and Prospective Challenges},
	author = {Salem, Haitham and Nagpal, Caesa and Pigott, Teresa and Teixeira, Antonio Lucio},
	year = {2017},
	month = {06},
	date = {2017-06-15},
	journal = {Current Neuropharmacology},
	volume = {15},
	number = {5},
	doi = {10.2174/1570159x14666161208153644},
	url = {http://dx.doi.org/10.2174/1570159X14666161208153644},
	langid = {en}
}

@article{Awad2004,
	title = {New Antipsychotics, Compliance, Quality of Life, and Subjective Tolerability{\textemdash}Are Patients Better Off?},
	author = {Awad, A George and Voruganti, Lakshmi NP},
	year = {2004},
	month = {05},
	date = {2004-05},
	journal = {The Canadian Journal of Psychiatry},
	pages = {297--302},
	volume = {49},
	number = {5},
	doi = {10.1177/070674370404900504},
	url = {http://dx.doi.org/10.1177/070674370404900504},
	langid = {en}
}

@article{Opjordsmoen2009,
	title = {Stability of medication in early psychosis: a comparison between second-generation and low-dose first-generation antipsychotics},
	author = {Opjordsmoen, Stein and Melle, Ingrid and Friis, Svein and Haahr, Ulrik and Johannessen, Jan O. and Larsen, Tor K. and Rund, {Bjørn R.} and Simonsen, Erik and Vaglum, Per and McGlashan, Thomas H.},
	year = {2009},
	month = {02},
	date = {2009-02},
	journal = {Early Intervention in Psychiatry},
	pages = {58--65},
	volume = {3},
	number = {1},
	doi = {10.1111/j.1751-7893.2008.00103.x},
	url = {http://dx.doi.org/10.1111/j.1751-7893.2008.00103.x},
	langid = {en}
}

@article{van2019,
	title = {Treating depressive episodes or symptoms in patients with schizophrenia},
	author = {van Rooijen, Geeske and Vermeulen, Jentien Marloes and {Ruhé}, Henricus Gerardus and de Haan, Lieuwe},
	year = {2017},
	month = {09},
	date = {2017-09-20},
	journal = {CNS Spectrums},
	pages = {239--248},
	volume = {24},
	number = {02},
	doi = {10.1017/s1092852917000554},
	url = {http://dx.doi.org/10.1017/S1092852917000554},
	langid = {en}
}

@article{Kulhara1987,
	title = {A study of negative symptoms in schizophrenia and depression},
	author = {Kulhara, Parmanand and Chadda, Rakesh},
	year = {1987},
	month = {05},
	date = {1987-05},
	journal = {Comprehensive Psychiatry},
	pages = {229--235},
	volume = {28},
	number = {3},
	doi = {10.1016/0010-440x(87)90029-0},
	url = {http://dx.doi.org/10.1016/0010-440x(87)90029-0},
	langid = {en}
}

@article{Krynicki2018,
	title = {The relationship between negative symptoms and depression in schizophrenia: a systematic review},
	author = {Krynicki, C. R. and Upthegrove, R. and Deakin, J. F. W. and Barnes, T. R. E.},
	year = {2018},
	month = {03},
	date = {2018-03-13},
	journal = {Acta Psychiatrica Scandinavica},
	pages = {380--390},
	volume = {137},
	number = {5},
	doi = {10.1111/acps.12873},
	url = {http://dx.doi.org/10.1111/acps.12873},
	langid = {en}
}

@article{mulholland2000,
	title = {The symptom of depression in schizophrenia and its management},
	author = {Mulholland, Ciaran and Cooper, Stephen},
	year = {2000},
	month = {05},
	date = {2000-05},
	journal = {Advances in Psychiatric Treatment},
	pages = {169--177},
	volume = {6},
	number = {3},
	doi = {10.1192/apt.6.3.169},
	url = {http://dx.doi.org/10.1192/apt.6.3.169},
	langid = {en}
}

@article{Siris2001,
	title = {Depression in schizophrenia: recognition and management in the USA},
	author = {Siris, Samuel G and Addington, Donald and Azorin, Jean-Michel and Falloon, Ian R.H and Gerlach, Jes and Hirsch, Steven R},
	year = {2001},
	month = {03},
	date = {2001-03},
	journal = {Schizophrenia Research},
	pages = {185--197},
	volume = {47},
	number = {2-3},
	doi = {10.1016/s0920-9964(00)00135-3},
	url = {http://dx.doi.org/10.1016/s0920-9964(00)00135-3},
	langid = {en}
}

@article{Dondé2018,
	title = {Management of depression in patients with schizophrenia spectrum disorders: a critical review of international guidelines},
	author = {{Dondé}, C. and Vignaud, P. and Poulet, E. and Brunelin, J. and Haesebaert, F.},
	year = {2018},
	month = {07},
	date = {2018-07-04},
	journal = {Acta Psychiatrica Scandinavica},
	pages = {289--299},
	volume = {138},
	number = {4},
	doi = {10.1111/acps.12939},
	url = {http://dx.doi.org/10.1111/acps.12939},
	langid = {en}
}

@article{Siris2000,
	title = {Depression in Schizophrenia: Perspective in the Era of {\textquotedblleft}Atypical{\textquotedblright} Antipsychotic Agents},
	author = {Siris, Samuel G.},
	year = {2000},
	month = {09},
	date = {2000-09},
	journal = {American Journal of Psychiatry},
	pages = {1379--1389},
	volume = {157},
	number = {9},
	doi = {10.1176/appi.ajp.157.9.1379},
	url = {http://dx.doi.org/10.1176/appi.ajp.157.9.1379},
	langid = {en}
}

@article{Gaudiano2015,
	title = {Acceptance-based Behavior Therapy for Depression With Psychosis},
	author = {GAUDIANO, BRANDON A. and BUSCH, ANDREW M. and WENZE, SUSAN J. and NOWLAN, KATHRYN and EPSTEIN-LUBOW, GARY and MILLER, IVAN W.},
	year = {2015},
	month = {09},
	date = {2015-09},
	journal = {Journal of Psychiatric Practice},
	pages = {320--333},
	volume = {21},
	number = {5},
	doi = {10.1097/pra.0000000000000092},
	url = {http://dx.doi.org/10.1097/PRA.0000000000000092},
	langid = {en}
}

@article{sönmez2020,
	title = {Cognitive behavior therapy in early psychosis with a focus on depression and low self-esteem: A randomized controlled trial},
	author = {{Sönmez}, Nasrettin and Romm, Kristin Lie and {Østefjells}, Tiril and Grande, Marit and Jensen, Lene Hunnicke and Hummelen, Benjamin and Tesli, Martin and Melle, Ingrid and {Røssberg}, Jan Ivar},
	year = {2020},
	month = {02},
	date = {2020-02},
	journal = {Comprehensive Psychiatry},
	pages = {152157},
	volume = {97},
	doi = {10.1016/j.comppsych.2019.152157},
	url = {http://dx.doi.org/10.1016/j.comppsych.2019.152157},
	langid = {en}
}

@article{Jäger2008,
	title = {Depression during an acute episode of schizophrenia or schizophreniform disorder and its impact on treatment response},
	author = {{Jäger}, Markus and Riedel, Michael and {Schmauß}, Max and Pfeiffer, Herbert and Laux, Gerd and Naber, Dieter and Gaebel, Wolfgang and Huff, Wolfgang and Schmidt, Lutz G. and Heuser, Isabella and Buchkremer, Gerhard and {Kühn}, Kai-Uwe and {Rüther}, Eckart and Hoff, Paul and Gastpar, Markus and Bottlender, Ronald and {Strauß}, Anton and {Möller}, {Hans-Jürgen}},
	year = {2008},
	month = {04},
	date = {2008-04},
	journal = {Psychiatry Research},
	pages = {297--305},
	volume = {158},
	number = {3},
	doi = {10.1016/j.psychres.2007.01.002},
	url = {http://dx.doi.org/10.1016/j.psychres.2007.01.002},
	langid = {en}
}

@article{miura2020,
	title = {Antidepressive Effect of Antipsychotics in the Treatment of Schizophrenia: Meta-Regression Analysis of Randomized Placebo-Controlled Trials},
	author = {Miura, Itaru and Nosaka, Tadashi and Yabe, Hirooki and Hagi, Katsuhiko},
	year = {2020},
	month = {11},
	date = {2020-11-05},
	journal = {International Journal of Neuropsychopharmacology},
	pages = {200--215},
	volume = {24},
	number = {3},
	doi = {10.1093/ijnp/pyaa082},
	url = {http://dx.doi.org/10.1093/ijnp/pyaa082},
	langid = {en}
}

@article{reynolds2021,
	title = {Schizophrenia, Depressive Symptoms, and Antipsychotic Drug Treatment},
	author = {Reynolds, Gavin P and McGowan, Olga O},
	year = {2021},
	month = {01},
	date = {2021-01-06},
	journal = {International Journal of Neuropsychopharmacology},
	pages = {253--255},
	volume = {24},
	number = {4},
	doi = {10.1093/ijnp/pyaa091},
	url = {http://dx.doi.org/10.1093/ijnp/pyaa091},
	langid = {en}
}

@article{Bajouco2022,
	title = {Cariprazine on Psychosis: Beyond Schizophrenia {\textendash} A Case Series},
	author = {Bajouco, Miguel and Mota, David},
	year = {2022},
	month = {07},
	date = {2022-07},
	journal = {Neuropsychiatric Disease and Treatment},
	pages = {1351--1362},
	volume = {Volume 18},
	doi = {10.2147/ndt.s355941},
	url = {http://dx.doi.org/10.2147/NDT.S355941},
	langid = {en}
}

@article{Leucht2009,
	title = {Second-generation versus first-generation antipsychotic drugs for schizophrenia: a meta-analysis},
	author = {Leucht, Stefan and Corves, Caroline and Arbter, Dieter and Engel, Rolf R and Li, Chunbo and Davis, John M},
	year = {2009},
	month = {01},
	date = {2009-01},
	journal = {The Lancet},
	pages = {31--41},
	volume = {373},
	number = {9657},
	doi = {10.1016/s0140-6736(08)61764-x},
	url = {http://dx.doi.org/10.1016/S0140-6736(08)61764-X},
	langid = {en}
}

@article{Hasan2015,
	title = {World Federation of Societies of Biological Psychiatry (WFSBP) Guidelines for Biological Treatment of Schizophrenia Part 3: Update 2015 Management of special circumstances: Depression, Suicidality, substance use disorders and pregnancy and lactation},
	author = {Hasan, Alkomiet and Falkai, Peter and Wobrock, Thomas and Lieberman, Jeffrey and {Glenthøj}, Birte and Gattaz, Wagner F. and Thibaut, Florence and {Möller}, {Hans-Jürgen} and , },
	year = {2015},
	month = {03},
	date = {2015-03-30},
	journal = {The World Journal of Biological Psychiatry},
	pages = {142--170},
	volume = {16},
	number = {3},
	doi = {10.3109/15622975.2015.1009163},
	url = {http://dx.doi.org/10.3109/15622975.2015.1009163},
	langid = {en}
}

@article{papakostas2012,
	title = {A 12-Week, Randomized, Double-Blind, Placebo-Controlled, Sequential Parallel Comparison Trial of Ziprasidone as Monotherapy for Major Depressive Disorder},
	author = {Papakostas, George I. and Vitolo, Ottavio V. and IsHak, Waguih W. and Rapaport, Mark H. and Zajecka, John M. and Kinrys, Gustavo and Mischoulon, David and Lipkin, Samuel H. and Hails, Katherine A. and Abrams, Jonah and Ward, Sean G. and Meisner, Allison and Schoenfeld, David A. and Shelton, Richard C. and Winokur, Andrew and Okasha, Mahmoud S. and Bari, Mohammed A. and Fava, Maurizio},
	year = {2012},
	month = {12},
	date = {2012-12-15},
	journal = {The Journal of Clinical Psychiatry},
	pages = {1541--1547},
	volume = {73},
	number = {12},
	doi = {10.4088/jcp.12m07670},
	url = {http://dx.doi.org/10.4088/JCP.12m07670}
}

@article{leucht2004,
	title = {Lithium for schizophrenia revisited: a systematic review and meta-analysis of randomized controlled trials},
	author = {Leucht, Stefan and Kissling, Werner and McGrath, John},
	year = {2004},
	month = {02},
	date = {2004-02},
	journal = {The Journal of Clinical Psychiatry},
	pages = {177--186},
	volume = {65},
	number = {2},
	note = {PMID: 15003070},
	langid = {eng}
}

@article{lehman2004,
	title = {Practice guideline for the treatment of patients with schizophrenia, second edition},
	author = {Lehman, Anthony F. and Lieberman, Jeffrey A. and Dixon, Lisa B. and McGlashan, Thomas H. and Miller, Alexander L. and Perkins, Diana O. and Kreyenbuhl, Julie and American Psychiatric Association,  and Steering Committee on Practice Guidelines, },
	year = {2004},
	month = {02},
	date = {2004-02},
	journal = {The American Journal of Psychiatry},
	pages = {1--56},
	volume = {161},
	number = {2 Suppl},
	note = {PMID: 15000267},
	langid = {eng}
}

@article{Glick2009,
	title = {A Double-Blind Randomized Trial of Mood Stabilizer Augmentation Using Lamotrigine and Valproate for Patients With Schizophrenia Who Are Stabilized and Partially Responsive},
	author = {Glick, Ira D. and Bosch, Jeane and Casey, Daniel E.},
	year = {2009},
	month = {06},
	date = {2009-06},
	journal = {Journal of Clinical Psychopharmacology},
	pages = {267--271},
	volume = {29},
	number = {3},
	doi = {10.1097/jcp.0b013e3181a443d0},
	url = {http://dx.doi.org/10.1097/JCP.0b013e3181a443d0},
	langid = {en}
}

@article{Vayisoglu2013,
	title = {Lamotrigine augmentation in patients with schizophrenia who show partial response to clozapine treatment},
	author = {{Vay{\i}so{\u{g}}lu}, Sefa and {Ya{\u{g}}c{\i}o{\u{g}}lu}, {A. Elif An{\i}l} and {Ya{\u{g}}c{\i}o{\u{g}}lu}, {Süha} and Karahan, Sevilay and {Karc{\i}}, {O{\u{g}}uzhan} and {Gürel}, {{\c{S}}. Can} and {Yaz{\i}c{\i}}, {M. Kâz{\i}m}},
	year = {2013},
	month = {01},
	date = {2013-01},
	journal = {Schizophrenia Research},
	pages = {207--214},
	volume = {143},
	number = {1},
	doi = {10.1016/j.schres.2012.11.006},
	url = {http://dx.doi.org/10.1016/j.schres.2012.11.006},
	langid = {en}
}

@article{Siris1978,
	title = {Use of Antidepressant Drugs in Schizophrenia},
	author = {Siris, Samuel G.},
	year = {1978},
	month = {11},
	date = {1978-11-01},
	journal = {Archives of General Psychiatry},
	pages = {1368},
	volume = {35},
	number = {11},
	doi = {10.1001/archpsyc.1978.01770350094009},
	url = {http://dx.doi.org/10.1001/archpsyc.1978.01770350094009},
	langid = {en}
}

@article{castle2012,
	title = {Depression and schizophrenia},
	author = {Castle, David and Bosanac, Peter},
	year = {2012},
	month = {07},
	date = {2012-07},
	journal = {Advances in Psychiatric Treatment},
	pages = {280--288},
	volume = {18},
	number = {4},
	doi = {10.1192/apt.bp.111.008961},
	url = {http://dx.doi.org/10.1192/apt.bp.111.008961},
	langid = {en}
}

@article{Helfer2016,
	title = {Efficacy and Safety of Antidepressants Added to Antipsychotics for Schizophrenia: A Systematic Review and Meta-Analysis},
	author = {Helfer, Bartosz and Samara, Myrto T. and Huhn, Maximilian and Klupp, Elisabeth and Leucht, Claudia and Zhu, Yikang and Engel, Rolf R. and Leucht, Stefan},
	year = {2016},
	month = {09},
	date = {2016-09},
	journal = {American Journal of Psychiatry},
	pages = {876--886},
	volume = {173},
	number = {9},
	doi = {10.1176/appi.ajp.2016.15081035},
	url = {http://dx.doi.org/10.1176/appi.ajp.2016.15081035},
	langid = {en}
}

@article{Galling2018,
	title = {Efficacy and safety of antidepressant augmentation of continued antipsychotic treatment in patients with schizophrenia},
	author = {Galling, B. and Vernon, J. A. and Pagsberg, A. K. and Wadhwa, A. and Grudnikoff, E. and Seidman, A. J. and Tsoy-Podosenin, M. and Poyurovsky, M. and Kane, J. M. and Correll, C. U.},
	year = {2018},
	month = {02},
	date = {2018-02-12},
	journal = {Acta Psychiatrica Scandinavica},
	pages = {187--205},
	volume = {137},
	number = {3},
	doi = {10.1111/acps.12854},
	url = {http://dx.doi.org/10.1111/acps.12854},
	langid = {en}
}

@article{Fond2018,
	title = {Remission of depression in patients with schizophrenia and comorbid major depressive disorder: results from the FACE-SZ cohort},
	author = {Fond, Guillaume and Boyer, Laurent and Berna, Fabrice and Godin, {Ophélia} and Bulzacka, Ewa and Andrianarisoa, {Méja} and Brunel, Lore and Aouizerate, Bruno and Capdevielle, Delphine and Chereau, Isabelle and Coulon, Nathalie and {D'Amato}, Thierry and Dubertret, Caroline and Dubreucq, Julien and Faget, Catherine and Leignier, Sylvain and {Lançon}, Christophe and Mallet, Jasmina and Misdrahi, David and Passerieux, Christine and Rey, Romain and Schandrin, {Aurélie} and Urbach, Mathieu and Vidailhet, Pierre and Leboyer, Marion and {Schürhoff}, Franck and Llorca, Pierre-Michel and , },
	year = {2018},
	month = {06},
	date = {2018-06-06},
	journal = {The British Journal of Psychiatry},
	pages = {464--470},
	volume = {213},
	number = {2},
	doi = {10.1192/bjp.2018.87},
	url = {http://dx.doi.org/10.1192/bjp.2018.87},
	langid = {en}
}

@article{Schennach2017,
	title = {Add-on Antidepressants in the Naturalistic Treatment of Schizophrenia Spectrum Disorder {\textendash} When, Who, and How?},
	author = {Schennach, Rebecca and Obermeier, Michael and {Seemüller}, Florian and {Jäger}, Markus and Schmauss, Max and Laux, Gerd and Pfeiffer, Herbert and Naber, Dieter and Schmidt, Lutz and Gaebel, Wolfgang and {Klosterkötter}, Joachim and Heuser, Isabella and Maier, Wolfgang and Lemke, Matthias and {Rüther}, Eckart and Klingberg, Stefan and Gastpar, Markus and Spellmann, Ilja and Musil, Richard and {Möller}, {Hans-Jürgen} and Riedel, Michael},
	year = {2017},
	month = {05},
	date = {2017-05-15},
	journal = {Pharmacopsychiatry},
	pages = {136--144},
	volume = {50},
	number = {04},
	doi = {10.1055/s-0043-106436},
	url = {http://dx.doi.org/10.1055/s-0043-106436},
	langid = {en}
}

@article{hausmann2000,
	title = {Depression in Patients with Schizophrenia: Prevalence, and Diagnostic and Treatment Considerations},
	author = {Hausmann, Armand and Fleischhacker, W. Wolfgang},
	year = {2000},
	month = {10},
	date = {2000-10},
	journal = {CNS Drugs},
	pages = {289--299},
	volume = {14},
	number = {4},
	doi = {10.2165/00023210-200014040-00004},
	url = {http://link.springer.com/10.2165/00023210-200014040-00004},
	langid = {en}
}

@article{Mao2015,
}

@article{Babinkostova2011,
}
