
@article{Siris2000,
}

@article{Moritz2017,
	title = {The customer is always right? Subjective target symptoms and treatment preferences in patients with psychosis},
	author = {Moritz, Steffen and Berna, Fabrice and Jaeger, Susanne and Westermann, Stefan and Nagel, Matthias},
	year = {2016},
	month = {05},
	date = {2016-05-18},
	journal = {European Archives of Psychiatry and Clinical Neuroscience},
	pages = {335--339},
	volume = {267},
	number = {4},
	doi = {10.1007/s00406-016-0694-5},
	url = {http://dx.doi.org/10.1007/s00406-016-0694-5},
	langid = {en}
}

@article{berrios1994,
	title = {The notion of unitary psychosis: a conceptual history},
	author = {Berrios, G.E. and Beer, D.},
	year = {1994},
	month = {03},
	date = {1994-03},
	journal = {History of Psychiatry},
	pages = {013--36},
	volume = {5},
	number = {17},
	doi = {10.1177/0957154x9400501702},
	url = {http://dx.doi.org/10.1177/0957154X9400501702},
	langid = {en}
}

@article{Crow1990,
}

@article{Curtis2000,
}

@article{Häfner2013,
	title = {ABC Schizophrenia study: an overview of results since 1996},
	author = {{Häfner}, H. and Maurer, K. and an der Heiden, W.},
	year = {2013},
	month = {05},
	date = {2013-05-05},
	journal = {Social Psychiatry and Psychiatric Epidemiology},
	pages = {1021--1031},
	volume = {48},
	number = {7},
	doi = {10.1007/s00127-013-0700-4},
	url = {http://dx.doi.org/10.1007/s00127-013-0700-4},
	langid = {en}
}

@article{Häfner2005,
}

@article{Häfner2005a,
}

@article{brown2015,
	title = {The Mutability of Schizophrenia: From Hafners Epidemiology to Hafners Psychopathology},
	author = {Brown, Paul},
	year = {2015},
	date = {2015},
	journal = {Acta Psychopathologica},
	volume = {01},
	number = {03},
	doi = {10.4172/2469-6676.100025},
	url = {http://dx.doi.org/10.4172/2469-6676.100025}
}

@article{Upthegrove2017,
}

@article{Stern1972,
}

@article{belvederimurri2016,
	title = {The {\textquotedblleft}Insight Paradox{\textquotedblright} in Schizophrenia: Magnitude, Moderators and Mediators of the Association Between Insight and Depression},
	author = {Belvederi Murri, Martino and Amore, Mario and Calcagno, Pietro and Respino, Matteo and Marozzi, Valentina and Masotti, Mattia and Bugliani, Michele and Innamorati, Marco and Pompili, Maurizio and Galderisi, Silvana and Maj, Mario},
	year = {2016},
	month = {04},
	date = {2016-04-11},
	journal = {Schizophrenia Bulletin},
	pages = {1225--1233},
	volume = {42},
	number = {5},
	doi = {10.1093/schbul/sbw040},
	url = {http://dx.doi.org/10.1093/schbul/sbw040},
	langid = {en}
}

@article{Davis2020,
}

@article{VAILLANT1962,
}

@article{VAILLANT1964,
	title = {Prospective Prediction Of Schizophrenic Remission},
	author = {VAILLANT, GEORGE E.},
	year = {1964},
	month = {11},
	date = {1964-11-01},
	journal = {Archives of General Psychiatry},
	pages = {509},
	volume = {11},
	number = {5},
	doi = {10.1001/archpsyc.1964.01720290051007},
	url = {http://dx.doi.org/10.1001/archpsyc.1964.01720290051007},
	langid = {en}
}

@article{McGlashan1976,
	title = {Postpsychotic Depression in Schizophrenia},
	author = {McGlashan, Thomas H.},
	year = {1976},
	month = {02},
	date = {1976-02-01},
	journal = {Archives of General Psychiatry},
	pages = {231},
	volume = {33},
	number = {2},
	doi = {10.1001/archpsyc.1976.01770020065011},
	url = {http://dx.doi.org/10.1001/archpsyc.1976.01770020065011},
	langid = {en}
}

@article{Babinkostova2011,
}

@article{Conley2007,
	title = {The burden of depressive symptoms in the long-term treatment of patients with schizophrenia},
	author = {CONLEY, R and ASCHERSVANUM, H and ZHU, B and FARIES, D and KINON, B},
	year = {2007},
	month = {02},
	date = {2007-02},
	journal = {Schizophrenia Research},
	pages = {186--197},
	volume = {90},
	number = {1-3},
	doi = {10.1016/j.schres.2006.09.027},
	url = {http://dx.doi.org/10.1016/j.schres.2006.09.027},
	langid = {en}
}

@article{Glazer1981,
}

@article{Basu2020,
	title = {The evolution of depression in first{-}episode psychosis: A naturalistic database study},
	author = {Basu, Sutapa and Verma, Swapna and Abdin, Edimansyah},
	year = {2020},
	month = {03},
	date = {2020-03-25},
	journal = {Clinical Psychology & Psychotherapy},
	pages = {611--620},
	volume = {27},
	number = {4},
	doi = {10.1002/cpp.2449},
	url = {http://dx.doi.org/10.1002/cpp.2449},
	langid = {en}
}

@article{Sönmez2013,
}

@article{hausmann2000,
	title = {Depression in Patients with Schizophrenia},
	author = {Hausmann, Armand and Fleischhacker, W. Wolfgang},
	year = {2000},
	month = {10},
	date = {2000-10},
	journal = {CNS Drugs},
	pages = {289--299},
	volume = {14},
	number = {4},
	doi = {10.2165/00023210-200014040-00004},
	url = {http://dx.doi.org/10.2165/00023210-200014040-00004},
	langid = {en}
}

@article{Bartels1988,
	title = {Depressive symptoms in schizophrenia: Comprehensive differential diagnosis},
	author = {Bartels, Stephen J. and Drake, Robert E.},
	year = {1988},
	month = {09},
	date = {1988-09},
	journal = {Comprehensive Psychiatry},
	pages = {467--483},
	volume = {29},
	number = {5},
	doi = {10.1016/0010-440x(88)90062-4},
	url = {http://dx.doi.org/10.1016/0010-440x(88)90062-4},
	langid = {en}
}

@article{Hausmann2002,
	title = {Differential diagnosis of depressed mood in patients with schizophrenia: a diagnostic algorithm based on a review},
	author = {Hausmann, A. and Fleischhacker, W. W.},
	year = {2002},
	month = {07},
	date = {2002-07-18},
	journal = {Acta Psychiatrica Scandinavica},
	pages = {83--96},
	volume = {106},
	number = {2},
	doi = {10.1034/j.1600-0447.2002.02120.x},
	url = {http://dx.doi.org/10.1034/j.1600-0447.2002.02120.x},
	langid = {en}
}

@article{Buckley2009,
	title = {Psychiatric Comorbidities and Schizophrenia},
	author = {Buckley, P. F. and Miller, B. J. and Lehrer, D. S. and Castle, D. J.},
	year = {2008},
	month = {11},
	date = {2008-11-14},
	journal = {Schizophrenia Bulletin},
	pages = {383--402},
	volume = {35},
	number = {2},
	doi = {10.1093/schbul/sbn135},
	url = {http://dx.doi.org/10.1093/schbul/sbn135},
	langid = {en}
}

@article{Möller2005,
	title = {Occurrence and treatment of depressive comorbidity/cosyndromality in schizophrenic psychoses: conceptual and treatment issues},
	author = {{Möller}, {Hans-Jürgen}},
	year = {2005},
	month = {01},
	date = {2005-01},
	journal = {The World Journal of Biological Psychiatry},
	pages = {247--263},
	volume = {6},
	number = {4},
	doi = {10.1080/15622970500316674},
	url = {http://dx.doi.org/10.1080/15622970500316674},
	langid = {en}
}

@article{upthegrove2009,
	title = {Depression in schizophrenia and early psychosis: implications for assessment and treatment},
	author = {Upthegrove, Rachel},
	year = {2009},
	month = {09},
	date = {2009-09},
	journal = {Advances in Psychiatric Treatment},
	pages = {372--379},
	volume = {15},
	number = {5},
	doi = {10.1192/apt.bp.108.005629},
	url = {http://dx.doi.org/10.1192/apt.bp.108.005629},
	langid = {en}
}

@article{Sönmez2016,
	title = {Depressive symptoms in first-episode psychosis: a 10-year follow-up study},
	author = {{Sönmez}, Nasrettin and {Røssberg}, Jan Ivar and Evensen, Julie and Barder, Helene Eidsmo and Haahr, Ulrik and ten Velden Hegelstad, Wenche and Joa, Inge and Johannessen, Jan Olav and Langeveld, Hans and Larsen, Tor Ketil and Melle, Ingrid and Opjordsmoen, Stein and Rund, {Bjørn Rishovd} and Simonsen, Erik and Vaglum, Per and McGlashan, Thomas and Friis, Svein},
	year = {2014},
	month = {06},
	date = {2014-06-23},
	journal = {Early Intervention in Psychiatry},
	pages = {227--233},
	volume = {10},
	number = {3},
	doi = {10.1111/eip.12163},
	url = {http://dx.doi.org/10.1111/eip.12163},
	langid = {en}
}

@article{an2005,
	title = {Depression in the long-term course of schizophrenia},
	author = {an der Heiden, Wolfram and {Könnecke}, Regina and Maurer, Kurt and Ropeter, Daniel and {Häfner}, Heinz},
	year = {2005},
	month = {06},
	date = {2005-06},
	journal = {European Archives of Psychiatry and Clinical Neuroscience},
	pages = {174--184},
	volume = {255},
	number = {3},
	doi = {10.1007/s00406-005-0585-7},
	url = {http://dx.doi.org/10.1007/s00406-005-0585-7},
	langid = {en}
}

@article{Jablensky1992,
	title = {Schizophrenia: manifestations, incidence and course in different cultures A World Health Organization Ten-Country Study},
	author = {Jablensky, A. and Sartorius, N. and Ernberg, G. and Anker, M. and Korten, A. and Cooper, J. E. and Day, R. and Bertelsen, A.},
	year = {1992},
	date = {1992},
	journal = {Psychological Medicine. Monograph Supplement},
	pages = {1--97},
	volume = {20},
	doi = {10.1017/s0264180100000904},
	url = {http://dx.doi.org/10.1017/s0264180100000904},
	langid = {en}
}

@article{Bressan2003,
	title = {Depressive episodes in stable schizophrenia: critical evaluation of the DSM-IV and ICD-10 diagnostic criteria},
	author = {Bressan, Rodrigo A and Chaves, Ana C and Pilowsky, Lyn S and Shirakawa, Itiro and Mari, Jair J},
	year = {2003},
	month = {01},
	date = {2003-01},
	journal = {Psychiatry Research},
	pages = {47--56},
	volume = {117},
	number = {1},
	doi = {10.1016/s0165-1781(02)00298-6},
	url = {http://dx.doi.org/10.1016/s0165-1781(02)00298-6},
	langid = {en}
}

@article{mulholland2000,
	title = {The symptom of depression in schizophrenia and its management},
	author = {Mulholland, Ciaran and Cooper, Stephen},
	year = {2000},
	month = {05},
	date = {2000-05},
	journal = {Advances in Psychiatric Treatment},
	pages = {169--177},
	volume = {6},
	number = {3},
	doi = {10.1192/apt.6.3.169},
	url = {http://dx.doi.org/10.1192/apt.6.3.169},
	langid = {en}
}

@article{Häfner2005b,
	title = {Schizophrenia and depression: Challenging the paradigm of two separate diseases{\textemdash}A controlled study of schizophrenia, depression and healthy controls},
	author = {{Häfner}, Heinz and Maurer, Kurt and Trendler, {Günter} and an der Heiden, Wolfram and Schmidt, Martin and {Könnecke}, Regina},
	year = {2005},
	month = {09},
	date = {2005-09},
	journal = {Schizophrenia Research},
	pages = {11--24},
	volume = {77},
	number = {1},
	doi = {10.1016/j.schres.2005.01.004},
	url = {http://dx.doi.org/10.1016/j.schres.2005.01.004},
	langid = {en}
}

@article{Bustamante1994,
	title = {Depression im Frühverlauf der Schizophrenie},
	author = {Bustamante, S. and Maurer, K. and {Löffler}, W. and {Häfner}, H.},
	year = {1994},
	month = {09},
	date = {1994-09},
	journal = {Fortschritte der Neurologie · Psychiatrie},
	pages = {317--329},
	volume = {62},
	number = {09},
	doi = {10.1055/s-2007-999063},
	url = {http://dx.doi.org/10.1055/s-2007-999063},
	langid = {de}
}

@article{häfner2014,
	title = {The Concept of Schizophrenia: From Unity to Diversity},
	author = {{Häfner}, Heinz},
	year = {2014},
	month = {09},
	date = {2014-09-15},
	journal = {Advances in Psychiatry},
	pages = {1--39},
	volume = {2014},
	doi = {10.1155/2014/929434},
	url = {http://dx.doi.org/10.1155/2014/929434},
	langid = {en}
}

@article{Upthegrove2010,
	title = {The evolution of depression and suicidality in first episode psychosis},
	author = {Upthegrove, R. and Birchwood, M. and Ross, K. and Brunett, K. and McCollum, R. and Jones, L.},
	year = {2009},
	month = {11},
	date = {2009-11-18},
	journal = {Acta Psychiatrica Scandinavica},
	pages = {211--218},
	volume = {122},
	number = {3},
	doi = {10.1111/j.1600-0447.2009.01506.x},
	url = {http://dx.doi.org/10.1111/j.1600-0447.2009.01506.x},
	langid = {en}
}

@article{Shanfield1970,
	title = {THE SCHIZOPHRENIC PATIENT AND DEPRESSIVE SYMPTOMATOLOGY},
	author = {SHANFIELD, STEPHEN and TUCKER, GARY J. and HARROW, MARTIN and DETRE, THOMAS},
	year = {1970},
	month = {09},
	date = {1970-09},
	journal = {The Journal of Nervous and Mental Disease},
	pages = {203--210},
	volume = {151},
	number = {3},
	doi = {10.1097/00005053-197009000-00005},
	url = {http://dx.doi.org/10.1097/00005053-197009000-00005},
	langid = {en}
}

@article{Curson1985,
	title = {II. the Incidence of Compliance Problems, Side-effects, Neurotic Symptoms and Depression},
	year = {1985},
	month = {05},
	date = {1985-05},
	journal = {British Journal of Psychiatry},
	pages = {469--474},
	volume = {146},
	number = {5},
	doi = {10.1192/bjp.146.5.469},
	url = {http://dx.doi.org/10.1192/bjp.146.5.469},
	langid = {en}
}

@article{knights1981,
	title = {'Revealed' Depression and Drug Treatment for Schizophrenia},
	author = {Knights, Angela},
	year = {1981},
	month = {07},
	date = {1981-07-01},
	journal = {Archives of General Psychiatry},
	pages = {806},
	volume = {38},
	number = {7},
	doi = {10.1001/archpsyc.1981.01780320086010},
	url = {http://dx.doi.org/10.1001/archpsyc.1981.01780320086010},
	langid = {en}
}

@article{kjelby2018,
	title = {Trajectories of depressive symptoms in the acute phase of psychosis: Implications for treatment},
	author = {Kjelby, E. and Gjestad, R. and Sinkeviciute, I. and Kroken, R.A. and {Løberg}, E.-M. and {Jørgensen}, H.A. and Johnsen, E.},
	year = {2018},
	month = {08},
	date = {2018-08},
	journal = {Journal of Psychiatric Research},
	pages = {219--228},
	volume = {103},
	doi = {10.1016/j.jpsychires.2018.06.003},
	url = {http://dx.doi.org/10.1016/j.jpsychires.2018.06.003},
	langid = {en}
}

@article{wittmann2010,
	title = {Do Patients With Psychosis Experience Loss and Grief As a Result of Their Illness?},
	author = {Wittmann, Daniela and Smith, Paul and Rajarethinam, R. P. and Foley, Sallie and VanBrussel, Amy and Phillip, Beena and Keshavan, Matcheri},
	year = {2010},
	month = {04},
	date = {2010-04-05},
	journal = {Psychoanalytic Social Work},
	pages = {30--39},
	volume = {17},
	number = {1},
	doi = {10.1080/15228871003676622},
	url = {http://dx.doi.org/10.1080/15228871003676622},
	langid = {en}
}

@article{ackermann1991,
	title = {Is depressive realism real?},
	author = {Ackermann, Ruby and DeRubeis, Robert J.},
	year = {1991},
	month = {01},
	date = {1991-01},
	journal = {Clinical Psychology Review},
	pages = {565--584},
	volume = {11},
	number = {5},
	doi = {10.1016/0272-7358(91)90004-e},
	url = {http://dx.doi.org/10.1016/0272-7358(91)90004-E},
	langid = {en}
}

@article{haaga1995,
	title = {Perspectives on depressive realism: Implications for cognitive theory of depression},
	author = {Haaga, David A.F. and Beck, Aaron T.},
	year = {1995},
	month = {01},
	date = {1995-01},
	journal = {Behaviour Research and Therapy},
	pages = {41--48},
	volume = {33},
	number = {1},
	doi = {10.1016/0005-7967(94)e0016-c},
	url = {http://dx.doi.org/10.1016/0005-7967(94)E0016-C},
	langid = {en}
}

@inbook{alloy1988,
	title = {Depressive realism: Four theoretical perspectives},
	author = {Alloy, Lauren B. and Abramson, Lyn Y.},
	year = {1988},
	date = {1988},
	publisher = {The Guilford Press},
	pages = {223--265},
	address = {New York, NY, US}
}

@article{taylor1988,
	title = {Illusion and well-being: a social psychological perspective on mental health},
	author = {Taylor, S. E. and Brown, J. D.},
	year = {1988},
	month = {03},
	date = {1988-03},
	journal = {Psychological Bulletin},
	pages = {193--210},
	volume = {103},
	number = {2},
	note = {PMID: 3283814},
	langid = {eng}
}

@article{palmer2015,
	title = {The relationship between cognitive insight and depression in psychosis and schizophrenia: A review and meta-analysis},
	author = {Palmer, Emma C. and Gilleen, James and David, Anthony S.},
	year = {2015},
	month = {08},
	date = {2015-08},
	journal = {Schizophrenia Research},
	pages = {261--268},
	volume = {166},
	number = {1-3},
	doi = {10.1016/j.schres.2015.05.032},
	url = {http://dx.doi.org/10.1016/j.schres.2015.05.032},
	langid = {en}
}

@article{Cassidy2018,
	title = {Risk Factors for Suicidality in Patients With Schizophrenia: A Systematic Review, Meta-analysis, and Meta-regression of 96 Studies},
	author = {Cassidy, Ryan Michael and Yang, Fang and Kapczinski, {Flávio} and Passos, Ives Cavalcante},
	year = {2017},
	month = {09},
	date = {2017-09-23},
	journal = {Schizophrenia Bulletin},
	pages = {787--797},
	volume = {44},
	number = {4},
	doi = {10.1093/schbul/sbx131},
	url = {http://dx.doi.org/10.1093/schbul/sbx131},
	langid = {en}
}

@article{Coentre2017,
	title = {Depressive symptoms and suicidal behavior after first-episode psychosis: A comprehensive systematic review},
	author = {Coentre, Ricardo and Talina, Miguel Cotrim and {Góis}, Carlos and Figueira, {Maria Luísa}},
	year = {2017},
	month = {07},
	date = {2017-07},
	journal = {Psychiatry Research},
	pages = {240--248},
	volume = {253},
	doi = {10.1016/j.psychres.2017.04.010},
	url = {http://dx.doi.org/10.1016/j.psychres.2017.04.010},
	langid = {en}
}

@article{Palmer2005,
	title = {The Lifetime Risk of Suicide in Schizophrenia},
	author = {Palmer, Brian A. and Pankratz, V. Shane and Bostwick, John Michael},
	year = {2005},
	month = {03},
	date = {2005-03-01},
	journal = {Archives of General Psychiatry},
	pages = {247},
	volume = {62},
	number = {3},
	doi = {10.1001/archpsyc.62.3.247},
	url = {http://dx.doi.org/10.1001/archpsyc.62.3.247},
	langid = {en}
}

@article{McGlashan1976a,
	title = {An investigation of the postpsychotic depressive syndrome},
	year = {1976},
	month = {01},
	date = {1976-01},
	journal = {American Journal of Psychiatry},
	pages = {14--19},
	volume = {133},
	number = {1},
	doi = {10.1176/ajp.133.1.14},
	url = {http://dx.doi.org/10.1176/ajp.133.1.14},
	langid = {en}
}

@article{Ananth1980,
	title = {Drug-Induced Mood Disorders},
	author = {Ananth, J. and Ghadirian, A.M.},
	year = {1980},
	date = {1980},
	journal = {International Pharmacopsychiatry},
	pages = {59--73},
	volume = {15},
	number = {1},
	doi = {10.1159/000468412},
	url = {http://dx.doi.org/10.1159/000468412},
	langid = {en}
}

@article{Mandel1982,
	title = {Development and Prediction of Postpsychotic Depression in Neuroleptic-Treated Schizophrenics},
	author = {Mandel, Michel R.},
	year = {1982},
	month = {02},
	date = {1982-02-01},
	journal = {Archives of General Psychiatry},
	pages = {197},
	volume = {39},
	number = {2},
	doi = {10.1001/archpsyc.1982.04290020051010},
	url = {http://dx.doi.org/10.1001/archpsyc.1982.04290020051010},
	langid = {en}
}

@article{Siris1981,
	title = {Postpsychotic Depressive Symptoms in Hospitalized Schizophrenic Patients},
	author = {Siris, Samuel G.},
	year = {1981},
	month = {10},
	date = {1981-10-01},
	journal = {Archives of General Psychiatry},
	pages = {1122},
	volume = {38},
	number = {10},
	doi = {10.1001/archpsyc.1981.01780350056006},
	url = {http://dx.doi.org/10.1001/archpsyc.1981.01780350056006},
	langid = {en}
}

@inbook{EISSLER1951,
	title = {Remarks on the Psychoanalysis of Schizophrenia.},
	author = {Eissler, K. R.},
	publisher = {International Universities Press, Inc},
	pages = {130--167},
	doi = {10.1037/10768-007},
	url = {http://dx.doi.org/10.1037/10768-007}
}

@article{semrad1966long,
  title={Long-term therapy of schizophrenia},
  author={Semrad, Elvin V},
  journal={Psychoneuroses and schizophrenia. Philadelphia: JB Lippincott},
  pages={155--73},
  year={1966}
}

@article{jeczmien2001,
	title = {Post-psychotic depression in schizophrenia},
	author = {Jeczmien, P. and Levkovitz, Y. and Weizman, A. and Carmel, Z.},
	year = {2001},
	month = {08},
	date = {2001-08},
	journal = {The Israel Medical Association journal: IMAJ},
	pages = {589--592},
	volume = {3},
	number = {8},
	note = {PMID: 11519384},
	langid = {eng}
}

@article{Siris2000a,
	title = {Depression in Schizophrenia: Perspective in the Era of {\textquotedblleft}Atypical{\textquotedblright} Antipsychotic Agents},
	author = {Siris, Samuel G.},
	year = {2000},
	month = {09},
	date = {2000-09},
	journal = {American Journal of Psychiatry},
	pages = {1379--1389},
	volume = {157},
	number = {9},
	doi = {10.1176/appi.ajp.157.9.1379},
	url = {http://dx.doi.org/10.1176/appi.ajp.157.9.1379},
	langid = {en}
}

@article{Harrow1994,
	title = {Depression in Schizophrenia: Are Neuroleptics, Akinesia, or Anhedonia Involved?},
	author = {Harrow, M. and Yonan, C. A. and Sands, J. R. and Marengo, J.},
	year = {1994},
	month = {01},
	date = {1994-01-01},
	journal = {Schizophrenia Bulletin},
	pages = {327--338},
	volume = {20},
	number = {2},
	doi = {10.1093/schbul/20.2.327},
	url = {http://dx.doi.org/10.1093/schbul/20.2.327},
	langid = {en}
}

@article{Knights1979,
	title = {Depressive and Extrapyramidal Symptoms and Clinical Effects: A Trial of Fluphenazine versus Flupenthixol in Maintenance of Schizophrenic Out-patients},
	author = {Knights, Angela and Okasha, M. S. and Salih, Mohamed Ali and Hirsch, S. R.},
	year = {1979},
	month = {12},
	date = {1979-12},
	journal = {British Journal of Psychiatry},
	pages = {515--523},
	volume = {135},
	number = {6},
	doi = {10.1192/bjp.135.6.515},
	url = {http://dx.doi.org/10.1192/bjp.135.6.515},
	langid = {en}
}

@article{Krakowski1997,
	title = {Effect of neuroleptic treatment on depressive symptoms in acute schizophrenic episodes},
	author = {Krakowski, Menahem and Czobor, Pal and Volavka, Jan},
	year = {1997},
	month = {05},
	date = {1997-05},
	journal = {Psychiatry Research},
	pages = {19--26},
	volume = {71},
	number = {1},
	doi = {10.1016/s0165-1781(97)03076-x},
	url = {http://dx.doi.org/10.1016/s0165-1781(97)03076-x},
	langid = {en}
}

@article{Perenyi1998,
	title = {Negative symptoms, depression and parkinsonian symptoms in chronic, hospitalised schizophrenic patients},
	author = {Perenyi, A},
	year = {1998},
	month = {03},
	date = {1998-03-01},
	journal = {Journal of Affective Disorders},
	pages = {163--169},
	volume = {48},
	number = {2-3},
	doi = {10.1016/s0165-0327(97)00179-1},
	url = {http://dx.doi.org/10.1016/s0165-0327(97)00179-1}
}

@article{Van1978,
	title = {'Akinetic Depression' in Schizophrenia},
	author = {Van Putten, Theodore},
	year = {1978},
	month = {09},
	date = {1978-09-01},
	journal = {Archives of General Psychiatry},
	pages = {1101},
	volume = {35},
	number = {9},
	doi = {10.1001/archpsyc.1978.01770330075006},
	url = {http://dx.doi.org/10.1001/archpsyc.1978.01770330075006},
	langid = {en}
}

@article{singh1976,
	title = {Dysphoric response to neuroleptic treatment in schizophrenia and its prognostic significance},
	author = {Singh, M. M.},
	year = {1976},
	month = {04},
	date = {1976-04},
	journal = {Diseases of the Nervous System},
	pages = {191--196},
	volume = {37},
	number = {4},
	note = {PMID: 767080},
	langid = {eng}
}

@article{Planansky1980,
	title = {Psychotropic drugs and depressive syndrome in schizophrenia},
	author = {Planansky, Karel and Johnston, Roy},
	year = {1980},
	date = {1980},
	journal = {Psychiatric Quarterly},
	pages = {214--221},
	volume = {52},
	number = {3},
	doi = {10.1007/bf01071738},
	url = {http://dx.doi.org/10.1007/BF01071738},
	langid = {en}
}

@article{Möller1982,
	title = {Depressive States Occurring During the Neuroleptic Treatment of Schizophrenia},
	author = {Moller, H.-J. and von Zerssen, D.},
	year = {1982},
	month = {01},
	date = {1982-01-01},
	journal = {Schizophrenia Bulletin},
	pages = {109--117},
	volume = {8},
	number = {1},
	doi = {10.1093/schbul/8.1.109},
	url = {http://dx.doi.org/10.1093/schbul/8.1.109},
	langid = {en}
}

@article{awad2005,
	title = {Neuroleptic dysphoria: revisiting the concept 50 years later},
	author = {Awad, A. G. and Voruganti, L. N. P.},
	year = {2005},
	month = {06},
	date = {2005-06},
	journal = {Acta Psychiatrica Scandinavica},
	pages = {6--13},
	volume = {111},
	number = {s427},
	doi = {10.1111/j.1600-0447.2005.00539.x},
	url = {http://dx.doi.org/10.1111/j.1600-0447.2005.00539.x},
	langid = {en}
}

@article{Hogan1983,
	title = {A self-report scale predictive of drug compliance in schizophrenics: reliability and discriminative validity},
	author = {Hogan, Thomas P. and Awad, A. G. and Eastwood, Robin},
	year = {1983},
	month = {02},
	date = {1983-02},
	journal = {Psychological Medicine},
	pages = {177--183},
	volume = {13},
	number = {1},
	doi = {10.1017/s0033291700050182},
	url = {http://dx.doi.org/10.1017/s0033291700050182},
	langid = {en}
}

@article{Roberts2016,
	title = {Antipsychotics as antidepressants},
	author = {Roberts, Rona Jeannie and Lohano, Kavita K. and El-Mallakh, Rif S.},
	year = {2015},
	month = {05},
	date = {2015-05-12},
	journal = {Asia-Pacific Psychiatry},
	pages = {179--188},
	volume = {8},
	number = {3},
	doi = {10.1111/appy.12186},
	url = {http://dx.doi.org/10.1111/appy.12186},
	langid = {en}
}
