
@article{Kozak1994,
}

@article{BÃ¼rgy2007,
}

@article{poyurovsky2013,
	title = {Schizo-Obsessive Disorder},
	author = {Poyurovsky, Michael},
	year = {2013},
	month = {01},
	date = {2013-01-17},
	doi = {10.1017/cbo9780511686931},
	url = {http://dx.doi.org/10.1017/CBO9780511686931}
}
