
@article{ahn2001,
	title = {정신분열병에서 클로자핀 투여와 연관된 강박증상의 본질적 특성에 대한 인식},
	volume = {40},
	issn = {1015-4817},
	url = {https://kmbase.medric.or.kr/Main.aspx?menu=01&d=KMBASE&m=VIEW&i=0368820010400061140},
	abstract = {의과학연구정보센터},
	language = {KOR},
	number = {6},
	urldate = {2022-09-12},
	journal = {신경정신의학},
	author = {안용민 and 정성훈 and 장재승 and 정선주 and 강웅구 and 권준수 and 김용식},
	year = {2001},
	note = {Publisher: 대한신경정신의학회},
	pages = {1140--1151},
	file = {Snapshot:C\:\\Users\\Ansel\\Zotero\\storage\\X3VEQDAA\\Main.html:text/html},
}
