
@article{large2011,
	title = {The Predictive Value of Risk Categorization in Schizophrenia},
	author = {Large, Matthew M. and Ryan, Christopher J. and Singh, Swaran P. and Paton, Michael B. and Nielssen, Olav B.},
	year = {2011},
	month = {01},
	date = {2011-01},
	journal = {Harvard Review of Psychiatry},
	pages = {25--33},
	volume = {19},
	number = {1},
	doi = {10.3109/10673229.2011.549770},
	url = {http://dx.doi.org/10.3109/10673229.2011.549770},
	langid = {en}
}

@article{Norman2005,
	title = {Social support and three-year symptom and admission outcomes for first episode psychosis},
	author = {Norman, Ross M.G. and Malla, Ashok K. and Manchanda, Rahul and Harricharan, Raj and Takhar, Jatinder and Northcott, Sandra},
	year = {2005},
	month = {12},
	date = {2005-12},
	journal = {Schizophrenia Research},
	pages = {227--234},
	volume = {80},
	number = {2-3},
	doi = {10.1016/j.schres.2005.05.006},
	url = {http://dx.doi.org/10.1016/j.schres.2005.05.006},
	langid = {en}
}

@article{Awadalla2005,
	title = {Subjective quality of life of family caregivers of community living Sudanese psychiatric patients},
	author = {Awadalla, Abdel W. and Ohaeri, Jude U. and Salih, Aziza A. and Tawfiq, Adel M.},
	year = {2005},
	month = {09},
	date = {2005-09},
	journal = {Social Psychiatry and Psychiatric Epidemiology},
	pages = {755--763},
	volume = {40},
	number = {9},
	doi = {10.1007/s00127-005-0947-x},
	url = {http://dx.doi.org/10.1007/s00127-005-0947-x},
	langid = {en}
}

@article{Caqueo-Urízar2017,
	title = {Caregiver{\textquoteright}s quality of life and its positive impact on symptomatology and quality of life of patients with schizophrenia},
	author = {{Caqueo-Urízar}, Alejandra and Alessandrini, Marine and {Urzúa}, Alfonso and Zendjidjian, Xavier and Boyer, Laurent and Williams, David R.},
	year = {2017},
	month = {01},
	date = {2017-01},
	journal = {Health and Quality of Life Outcomes},
	volume = {15},
	number = {1},
	doi = {10.1186/s12955-017-0652-6},
	url = {http://dx.doi.org/10.1186/s12955-017-0652-6},
	langid = {en}
}

@article{Möller-Leimkühler2012,
	title = {Caregiver burden in chronic mental illness: the role of patient and caregiver characteristics},
	author = {{Möller-Leimkühler}, Anne Maria and Wiesheu, Andreas},
	year = {2011},
	month = {05},
	date = {2011-05-03},
	journal = {European Archives of Psychiatry and Clinical Neuroscience},
	pages = {157--166},
	volume = {262},
	number = {2},
	doi = {10.1007/s00406-011-0215-5},
	url = {http://dx.doi.org/10.1007/s00406-011-0215-5},
	langid = {en}
}

@article{butzlaff1998,
	title = {Expressed Emotion and Psychiatric Relapse},
	author = {Butzlaff, Ronald L. and Hooley, Jill M.},
	year = {1998},
	month = {06},
	date = {1998-06-01},
	journal = {Archives of General Psychiatry},
	pages = {547},
	volume = {55},
	number = {6},
	doi = {10.1001/archpsyc.55.6.547},
	url = {http://dx.doi.org/10.1001/archpsyc.55.6.547},
	langid = {en}
}

@article{King1999,
	title = {Expressed Emotion and Relapse in Young Schizophrenia Outpatients},
	author = {King, S. and Dixon, M. J.},
	year = {1999},
	month = {01},
	date = {1999-01-01},
	journal = {Schizophrenia Bulletin},
	pages = {377--386},
	volume = {25},
	number = {2},
	doi = {10.1093/oxfordjournals.schbul.a033385},
	url = {http://dx.doi.org/10.1093/oxfordjournals.schbul.a033385},
	langid = {en}
}

@article{Kageyama2015,
	title = {Rate of Family Violence Among Patients With Schizophrenia in Japan},
	author = {Kageyama, Masako and Yokoyama, Keiko and Nagata, Satoko and Kita, Sachiko and Nakamura, Yukako and Kobayashi, Sayaka and Solomon, Phyllis},
	year = {2015},
	month = {07},
	date = {2015-07-16},
	journal = {Asia Pacific Journal of Public Health},
	pages = {652--660},
	volume = {27},
	number = {6},
	doi = {10.1177/1010539515595069},
	url = {http://dx.doi.org/10.1177/1010539515595069},
	langid = {en}
}

@article{Kageyama2018,
	title = {Violence Towards Family Caregivers by Their Relative with Schizophrenia in Japan},
	author = {Kageyama, Masako and Solomon, Phyllis and Yokoyama, Keiko and Nakamura, Yukako and Kobayashi, Sayaka and Fujii, Chiyo},
	year = {2017},
	month = {10},
	date = {2017-10-02},
	journal = {Psychiatric Quarterly},
	pages = {329--340},
	volume = {89},
	number = {2},
	doi = {10.1007/s11126-017-9537-4},
	url = {http://dx.doi.org/10.1007/s11126-017-9537-4},
	langid = {en}
}

@article{Vaddadi2002,
	title = {Abuse of Carers by Relatives with Severe Mental Illness},
	author = {Vaddadi, Krishna S. and Gilleard, Chris and Fryer, Helen},
	year = {2002},
	month = {06},
	date = {2002-06},
	journal = {International Journal of Social Psychiatry},
	pages = {149--155},
	volume = {48},
	number = {2},
	doi = {10.1177/002076402128783208},
	url = {http://dx.doi.org/10.1177/002076402128783208},
	langid = {en}
}

@article{chan2008,
	title = {Violence against Caregivers by Relatives with Schizophrenia},
	author = {Chan, Billy Wing-Yum},
	year = {2008},
	month = {01},
	date = {2008-01},
	journal = {International Journal of Forensic Mental Health},
	pages = {65--81},
	volume = {7},
	number = {1},
	doi = {10.1080/14999013.2008.9914404},
	url = {http://dx.doi.org/10.1080/14999013.2008.9914404},
	langid = {en}
}

@article{Loughland2009,
	title = {Aggression and trauma experiences among carer-relatives of people with psychosis},
	author = {Loughland, Carmel M. and Lawrence, Gali and Allen, Joanne and Hunter, Mick and Lewin, Terry J. and Oud, Nico E. and Carr, Vaughan J.},
	year = {2009},
	month = {03},
	date = {2009-03-31},
	journal = {Social Psychiatry and Psychiatric Epidemiology},
	pages = {1031--1040},
	volume = {44},
	number = {12},
	doi = {10.1007/s00127-009-0025-5},
	url = {http://dx.doi.org/10.1007/s00127-009-0025-5},
	langid = {en}
}

@article{Fleischman2014,
	title = {Schizophrenia and violent crime: a population-based study},
	author = {Fleischman, A. and Werbeloff, N. and Yoffe, R. and Davidson, M. and Weiser, M.},
	year = {2014},
	month = {03},
	date = {2014-03-26},
	journal = {Psychological Medicine},
	pages = {3051--3057},
	volume = {44},
	number = {14},
	doi = {10.1017/s0033291714000695},
	url = {http://dx.doi.org/10.1017/S0033291714000695},
	langid = {en}
}

@article{robbins2003,
	title = {Mental Disorder, Violence, and Gender.},
	author = {Robbins, Pamela Clark and Monahan, John and Silver, Eric},
	year = {2003},
	date = {2003},
	journal = {Law and Human Behavior},
	pages = {561--571},
	volume = {27},
	number = {6},
	doi = {10.1023/b:lahu.0000004886.13268.f2},
	url = {http://dx.doi.org/10.1023/B:LAHU.0000004886.13268.f2},
	langid = {en}
}

@article{Scazufca2001,
	title = {Perception of negative emotions in close relatives by patients with schizophrenia},
	author = {Scazufca, Marcia and Kuipers, Elisabeth and Menezes, Paulo Rossi},
	year = {2001},
	month = {06},
	date = {2001-06},
	journal = {British Journal of Clinical Psychology},
	pages = {167--175},
	volume = {40},
	number = {2},
	doi = {10.1348/014466501163616},
	url = {http://dx.doi.org/10.1348/014466501163616},
	langid = {en}
}

@article{Cutting2006,
	title = {Schizophrenic Patients' Perceptions of Stress, Expressed Emotion, and Sensitivity To Criticism},
	author = {Cutting, L. P. and Aakre, J. M. and Docherty, N. M.},
	year = {2005},
	month = {10},
	date = {2005-10-12},
	journal = {Schizophrenia Bulletin},
	pages = {743--750},
	volume = {32},
	number = {4},
	doi = {10.1093/schbul/sbl001},
	url = {http://dx.doi.org/10.1093/schbul/sbl001},
	langid = {en}
}

@article{Kuipers2006,
	title = {Influence of carer expressed emotion and affect on relapse in
                        non-affective psychosis},
	author = {Kuipers, E. and Bebbington, P. and Dunn, G. and Fowler, D. and Freeman, D. and Watson, P. and Hardy, A. and Garety, P.},
	year = {2006},
	month = {02},
	date = {2006-02},
	journal = {British Journal of Psychiatry},
	pages = {173--179},
	volume = {188},
	number = {2},
	doi = {10.1192/bjp.bp.104.007294},
	url = {http://dx.doi.org/10.1192/bjp.bp.104.007294},
	langid = {en}
}

@article{Smith2006,
	title = {Emotion and psychosis: Links between depression, self-esteem, negative schematic beliefs and delusions and hallucinations},
	author = {Smith, Ben and Fowler, David G. and Freeman, Daniel and Bebbington, Paul and Bashforth, Hannah and Garety, Philippa and Dunn, Graham and Kuipers, Elizabeth},
	year = {2006},
	month = {09},
	date = {2006-09},
	journal = {Schizophrenia Research},
	pages = {181--188},
	volume = {86},
	number = {1-3},
	doi = {10.1016/j.schres.2006.06.018},
	url = {http://dx.doi.org/10.1016/j.schres.2006.06.018},
	langid = {en}
}

@article{Freeman2003,
	title = {Connecting neurosis and psychosis: the direct influence of emotion on delusions and hallucinations},
	author = {Freeman, Daniel and Garety, Philippa A.},
	year = {2003},
	month = {08},
	date = {2003-08},
	journal = {Behaviour Research and Therapy},
	pages = {923--947},
	volume = {41},
	number = {8},
	doi = {10.1016/s0005-7967(02)00104-3},
	url = {http://dx.doi.org/10.1016/s0005-7967(02)00104-3},
	langid = {en}
}

@article{Onwumere2009,
	title = {Patient Perceptions of Caregiver Criticism in Psychosis},
	author = {Onwumere, Juliana and Kuipers, Elizabeth and Bebbington, Paul and Dunn, Graham and Freeman, Daniel and Fowler, David and Garety, Philippa},
	year = {2009},
	month = {02},
	date = {2009-02},
	journal = {Journal of Nervous & Mental Disease},
	pages = {85--91},
	volume = {197},
	number = {2},
	doi = {10.1097/nmd.0b013e3181960e57},
	url = {http://dx.doi.org/10.1097/NMD.0b013e3181960e57},
	langid = {en}
}

@article{Vaddadi1997,
	title = {Mental illness, physical abuse and burden of care on relatives: a study of acute psychiatric admission patients},
	author = {Vaddadi, K. S. and Soosai, E. and Gilleard, C. J. and Adlard, S.},
	year = {1997},
	month = {04},
	date = {1997-04},
	journal = {Acta Psychiatrica Scandinavica},
	pages = {313--317},
	volume = {95},
	number = {4},
	doi = {10.1111/j.1600-0447.1997.tb09637.x},
	url = {http://dx.doi.org/10.1111/j.1600-0447.1997.tb09637.x},
	langid = {en}
}

@article{Hanzawa2013,
	title = {Psychological impact on caregivers traumatized by the violent behavior of a family member with schizophrenia},
	author = {Hanzawa, Setsuko and Bae, Jeong-Kyu and Bae, Yong Jun and Chae, Moon-hyeon and Tanaka, Hideki and Nakane, Hideyuki and Ohta, Yasuyuki and Zhao, Xianghua and Iizuka, Hideki and Nakane, Yoshibumi},
	year = {2013},
	month = {02},
	date = {2013-02},
	journal = {Asian Journal of Psychiatry},
	pages = {46--51},
	volume = {6},
	number = {1},
	doi = {10.1016/j.ajp.2012.08.009},
	url = {http://dx.doi.org/10.1016/j.ajp.2012.08.009},
	langid = {en}
}

@article{Kageyama2016,
	title = {Psychological Distress and Violence Towards Parents of Patients with Schizophrenia},
	author = {Kageyama, Masako and Solomon, Phyllis and Yokoyama, Keiko},
	year = {2016},
	month = {10},
	date = {2016-10},
	journal = {Archives of Psychiatric Nursing},
	pages = {614--619},
	volume = {30},
	number = {5},
	doi = {10.1016/j.apnu.2016.02.003},
	url = {http://dx.doi.org/10.1016/j.apnu.2016.02.003},
	langid = {en}
}

@article{Chang2006,
	title = {Lived experiences of family caregivers of mentally ill relatives},
	author = {Chang, Kam Hock and Horrocks, Stephen},
	year = {2006},
	month = {02},
	date = {2006-02},
	journal = {Journal of Advanced Nursing},
	pages = {435--443},
	volume = {53},
	number = {4},
	doi = {10.1111/j.1365-2648.2006.03732.x},
	url = {http://dx.doi.org/10.1111/j.1365-2648.2006.03732.x},
	langid = {en}
}

@article{Hanzawa2010,
	title = {Caregiver burden and coping strategies for patients with schizophrenia: Comparison between Japan and Korea},
	author = {Hanzawa, Setsuko and Bae, Jeong-Kyu and Tanaka, Hideki and Bae, Yong Jun and Tanaka, Goro and Inadomi, Hiroyuki and Nakane, Yoshibumi and Ohta, Yasuyuki},
	year = {2010},
	month = {06},
	date = {2010-06-10},
	journal = {Psychiatry and Clinical Neurosciences},
	pages = {377--386},
	volume = {64},
	number = {4},
	doi = {10.1111/j.1440-1819.2010.02104.x},
	url = {http://dx.doi.org/10.1111/j.1440-1819.2010.02104.x},
	langid = {en}
}

@inbook{meloy1998,
	title = {The Psychology of Stalking},
	author = {Meloy, J. Reid},
	year = {1998},
	date = {1998},
	publisher = {Elsevier},
	pages = {1--23},
	doi = {10.1016/b978-012490560-3/50020-7},
	url = {http://dx.doi.org/10.1016/B978-012490560-3/50020-7}
}

@article{Mullen1999,
	title = {Study of Stalkers},
	author = {Mullen, Paul E. and {Pathçº¯}, Michele and Purcell, Rosemary and Stuart, Geoffrey W.},
	year = {1999},
	month = {08},
	date = {1999-08-01},
	journal = {American Journal of Psychiatry},
	pages = {1244--1249},
	volume = {156},
	number = {8},
	doi = {10.1176/ajp.156.8.1244},
	url = {http://dx.doi.org/10.1176/ajp.156.8.1244},
	langid = {en}
}

@article{Weller2013,
	title = {Police and Public Perceptions of Stalking},
	author = {Weller, Michelle and Hope, Lorraine and Sheridan, Lorraine},
	year = {2012},
	month = {08},
	date = {2012-08-16},
	journal = {Journal of Interpersonal Violence},
	pages = {320--339},
	volume = {28},
	number = {2},
	doi = {10.1177/0886260512454718},
	url = {http://dx.doi.org/10.1177/0886260512454718},
	langid = {en}
}

@article{Dressing2011,
	title = {Are Stalkers Disordered or Criminal? Thoughts on the Psychopathology of Stalking},
	author = {Dressing, Harald and Foerster, Klaus and Gass, Peter},
	year = {2011},
	date = {2011},
	journal = {Psychopathology},
	pages = {277--282},
	volume = {44},
	number = {5},
	doi = {10.1159/000325060},
	url = {http://dx.doi.org/10.1159/000325060},
	langid = {en}
}

@article{zona1993,
	title = {A comparative study of erotomanic and obsessional subjects in a forensic sample},
	author = {Zona, M. A. and Sharma, K. K. and Lane, J.},
	year = {1993},
	month = {07},
	date = {1993-07},
	journal = {Journal of Forensic Sciences},
	pages = {894--903},
	volume = {38},
	number = {4},
	note = {PMID: 8355005},
	langid = {eng}
}

@article{Mohandie2006,
	title = {The RECON Typology of Stalking: Reliability and Validity Based Upon a Large Sample of North American Stalkers},
	author = {Mohandie, Kris and Meloy, J. Reid and McGowan, Mila Green and Williams, Jenn},
	year = {2006},
	month = {01},
	date = {2006-01},
	journal = {Journal of Forensic Sciences},
	pages = {147--155},
	volume = {51},
	number = {1},
	doi = {10.1111/j.1556-4029.2005.00030.x},
	url = {http://dx.doi.org/10.1111/j.1556-4029.2005.00030.x},
	langid = {en}
}

@inbook{meloy2008,
	title = {Public Figure Stalking, Threats, and Attacks},
	author = {Meloy, J. Reid and Sheridan, Lorraine and Hoffmann, Jens},
	year = {2008},
	month = {08},
	date = {2008-08},
	publisher = {Oxford University Press},
	pages = {3--34},
	doi = {10.1093/med:psych/9780195326383.003.0001},
	url = {http://dx.doi.org/10.1093/med:psych/9780195326383.003.0001}
}

@article{Dressing2002,
	title = {Stalking Behavior {\textendash} An Overview of the Problem and a Case Report of Male-to-Male Stalking during Delusional Disorder},
	author = {Dressing, Harald and Henn, Fritz A. and Gass, Peter},
	year = {2002},
	date = {2002},
	journal = {Psychopathology},
	pages = {313--318},
	volume = {35},
	number = {5},
	doi = {10.1159/000067068},
	url = {http://dx.doi.org/10.1159/000067068},
	langid = {en}
}

@article{Kamphuis2000,
	title = {Stalking {\textendash} a contemporary challenge for forensic and clinical psychiatry},
	author = {Kamphuis, J. H. and Emmelkamp, P. M. G.},
	year = {2000},
	month = {03},
	date = {2000-03},
	journal = {British Journal of Psychiatry},
	pages = {206--209},
	volume = {176},
	number = {3},
	doi = {10.1192/bjp.176.3.206},
	url = {http://dx.doi.org/10.1192/bjp.176.3.206},
	langid = {en}
}

@article{James2009,
	title = {Stalkers and harassers of royalty: the role of mental illness and motivation},
	author = {James, D. V. and Mullen, P. E. and {Pathé}, M. T. and Meloy, J. R. and Preston, L. F. and Darnley, B. and Farnham, F. R.},
	year = {2009},
	month = {04},
	date = {2009-04-01},
	journal = {Psychological Medicine},
	pages = {1479--1490},
	volume = {39},
	number = {9},
	doi = {10.1017/s0033291709005443},
	url = {http://dx.doi.org/10.1017/S0033291709005443},
	langid = {en}
}

@article{mcewan2010,
	title = {Suicide among stalkers},
	author = {McEwan, Troy and Mullen, Paul and MacKenzie, Rachel},
	year = {2010},
	month = {08},
	date = {2010-08},
	journal = {Journal of Forensic Psychiatry & Psychology},
	pages = {514--520},
	volume = {21},
	number = {4},
	doi = {10.1080/14789940903564370},
	url = {http://dx.doi.org/10.1080/14789940903564370},
	langid = {en}
}

@article{Schlesinger2006,
	title = {Celebrity Stalking, Homicide, and Suicide},
	author = {Schlesinger, Louis B.},
	year = {2006},
	month = {02},
	date = {2006-02},
	journal = {International Journal of Offender Therapy and Comparative Criminology},
	pages = {39--46},
	volume = {50},
	number = {1},
	doi = {10.1177/0306624x05276461},
	url = {http://dx.doi.org/10.1177/0306624X05276461},
	langid = {en}
}

@article{MacKenzie2011,
	title = {Management and treatment of stalkers: Problems, options, and solutions},
	author = {MacKenzie, Rachel D. and James, David V.},
	year = {2011},
	month = {02},
	date = {2011-02-23},
	journal = {Behavioral Sciences & the Law},
	pages = {220--239},
	volume = {29},
	number = {2},
	doi = {10.1002/bsl.980},
	url = {http://dx.doi.org/10.1002/bsl.980},
	langid = {en}
}

@article{Schug2013,
	title = {Violent victimisation is more common among people with schizophrenia-spectrum disorders than among the general population},
	year = {2013},
	month = {05},
	date = {2013-05-24},
	journal = {Evidence Based Mental Health},
	pages = {90--90},
	volume = {16},
	number = {3},
	doi = {10.1136/eb-2013-101319},
	url = {http://dx.doi.org/10.1136/eb-2013-101319},
	langid = {en}
}

@article{Goodman1999,
	title = {Reliability of reports of violent victimization and posttraumatic stress disorder among men and women with serious mental illness},
	author = {Goodman, Lisa A. and Thompson, Kim M. and Weinfurt, Kevin and Corl, Susan and Acker, Pat and Mueser, Kim T. and Rosenberg, Stanley D.},
	year = {1999},
	month = {10},
	date = {1999-10},
	journal = {Journal of Traumatic Stress},
	pages = {587--599},
	volume = {12},
	number = {4},
	doi = {10.1023/a:1024708916143},
	url = {http://dx.doi.org/10.1023/A:1024708916143},
	langid = {en}
}

@article{de2019,
	title = {Prevalence Rate and Risk Factors of Victimization in Adult Patients With a Psychotic Disorder: A Systematic Review and Meta-analysis},
	author = {de Vries, Bertine and van Busschbach, Jooske T and van der Stouwe, Elisabeth C D and Aleman, {André} and van Dijk, Jan J M and Lysaker, Paul H and Arends, Johan and Nijman, Saskia A and Pijnenborg, Gerdina H M},
	year = {2018},
	month = {03},
	date = {2018-03-14},
	journal = {Schizophrenia Bulletin},
	pages = {114--126},
	volume = {45},
	number = {1},
	doi = {10.1093/schbul/sby020},
	url = {http://dx.doi.org/10.1093/schbul/sby020},
	langid = {en}
}

@article{Honkonen2004,
	title = {Violent victimization in schizophrenia},
	author = {Honkonen, T. and Henriksson, M. and Koivisto, A.-M. and {Steng�rd}, E. and Salokangas, R.K.R.},
	year = {2004},
	month = {08},
	date = {2004-08},
	journal = {Social Psychiatry and Psychiatric Epidemiology},
	volume = {39},
	number = {8},
	doi = {10.1007/s00127-004-0805-x},
	url = {http://dx.doi.org/10.1007/s00127-004-0805-x},
	langid = {en}
}

@article{Dean2018,
	title = {Risk of Being Subjected to Crime, Including Violent Crime, After Onset of Mental Illness},
	author = {Dean, Kimberlie and Laursen, Thomas M. and Pedersen, Carsten B. and Webb, Roger T. and Mortensen, Preben B. and Agerbo, Esben},
	year = {2018},
	month = {07},
	date = {2018-07-01},
	journal = {JAMA Psychiatry},
	pages = {689},
	volume = {75},
	number = {7},
	doi = {10.1001/jamapsychiatry.2018.0534},
	url = {http://dx.doi.org/10.1001/jamapsychiatry.2018.0534},
	langid = {en}
}

@article{Morgan2016,
	title = {Sociodemographic, clinical and childhood correlates of adult violent victimisation in a large, national survey sample of people with psychotic disorders},
	author = {Morgan, Vera A. and Morgan, Frank and Galletly, Cherrie and Valuri, Giulietta and Shah, Sonal and Jablensky, Assen},
	year = {2015},
	month = {11},
	date = {2015-11-18},
	journal = {Social Psychiatry and Psychiatric Epidemiology},
	pages = {269--279},
	volume = {51},
	number = {2},
	doi = {10.1007/s00127-015-1155-6},
	url = {http://dx.doi.org/10.1007/s00127-015-1155-6},
	langid = {en}
}

@article{Bengtsson-Tops2012,
	title = {Victimization in individuals suffering from psychosis: a Swedish cross-sectional study},
	author = {BENGTSSON-TOPS, A. and EHLIASSON, K.},
	year = {2011},
	month = {05},
	date = {2011-05-22},
	journal = {Journal of Psychiatric and Mental Health Nursing},
	pages = {23--30},
	volume = {19},
	number = {1},
	doi = {10.1111/j.1365-2850.2011.01749.x},
	url = {http://dx.doi.org/10.1111/j.1365-2850.2011.01749.x},
	langid = {en}
}

@article{Friedman2011,
	title = {Intimate Partner Violence Victimization and Perpetration by Puerto Rican Women with Severe Mental Illnesses},
	author = {Friedman, Susan Hatters and Loue, Sana and Goldman Heaphy, Emily L. and Mendez, Nancy},
	year = {2009},
	month = {12},
	date = {2009-12-03},
	journal = {Community Mental Health Journal},
	pages = {156--163},
	volume = {47},
	number = {2},
	doi = {10.1007/s10597-009-9270-z},
	url = {http://dx.doi.org/10.1007/s10597-009-9270-z},
	langid = {en}
}

@article{Wong2009,
	title = {Nonfatal Suicidal Behavior Among Chinese Women Who Have Been Physically Abused by Their Male Intimate Partners},
	author = {Wong, Susan P.Y. and Phillips, Michael R.},
	year = {2009},
	month = {12},
	date = {2009-12},
	journal = {Suicide and Life-Threatening Behavior},
	pages = {648--658},
	volume = {39},
	number = {6},
	doi = {10.1521/suli.2009.39.6.648},
	url = {http://dx.doi.org/10.1521/suli.2009.39.6.648},
	langid = {en}
}

@article{Trotta2013,
	title = {Prevalence of bullying victimisation amongst first-episode psychosis patients and unaffected controls},
	author = {Trotta, Antonella and Di Forti, Marta and Mondelli, Valeria and Dazzan, Paola and Pariante, Carmine and David, Anthony and {Mulè}, Alice and Ferraro, Laura and Formica, Ivan and Murray, Robin M. and Fisher, Helen L.},
	year = {2013},
	month = {10},
	date = {2013-10},
	journal = {Schizophrenia Research},
	pages = {169--175},
	volume = {150},
	number = {1},
	doi = {10.1016/j.schres.2013.07.001},
	url = {http://dx.doi.org/10.1016/j.schres.2013.07.001},
	langid = {en}
}

@article{Roy2014,
	title = {Criminal Behavior and Victimization Among Homeless Individuals With Severe Mental Illness: A Systematic Review},
	author = {Roy, Laurence and Crocker, Anne G. and Nicholls, Tonia L. and Latimer, Eric A. and Ayllon, Andrea Reyes},
	year = {2014},
	month = {06},
	date = {2014-06},
	journal = {Psychiatric Services},
	pages = {739--750},
	volume = {65},
	number = {6},
	doi = {10.1176/appi.ps.201200515},
	url = {http://dx.doi.org/10.1176/appi.ps.201200515},
	langid = {en}
}

@article{Walsh2003,
	title = {Prevalence of violent victimisation in severe mental illness},
	author = {Walsh, Elizabeth and Moran, Paul and Scott, Charles and McKenzie, Kwame and Burns, Tom and Creed, Francis and Tyrer, Peter and Murray, Robin M. and Fahy, Tom},
	year = {2003},
	month = {09},
	date = {2003-09},
	journal = {British Journal of Psychiatry},
	pages = {233--238},
	volume = {183},
	number = {3},
	doi = {10.1192/bjp.183.3.233},
	url = {http://dx.doi.org/10.1192/bjp.183.3.233},
	langid = {en}
}

@article{Chapple2004,
	title = {Correlates of victimisation amongst people with psychosis},
	author = {Chapple, Benjamin and Chant, David and Nolan, Patricia and Cardy, Sue and Whiteford, Harvey and McGrath, John},
	year = {2004},
	month = {06},
	date = {2004-06-01},
	journal = {Social Psychiatry and Psychiatric Epidemiology},
	pages = {836--840},
	volume = {39},
	number = {10},
	doi = {10.1007/s00127-004-0819-4},
	url = {http://dx.doi.org/10.1007/s00127-004-0819-4},
	langid = {en}
}

@article{Short2013,
	title = {A case-linkage study of crime victimisation in schizophrenia-spectrum disorders over a period of deinstitutionalisation},
	author = {Short, Tamsin B R and Thomas, Stuart and Luebbers, Stefan and Mullen, Paul and Ogloff, James R P},
	year = {2013},
	month = {02},
	date = {2013-02-20},
	journal = {BMC Psychiatry},
	volume = {13},
	number = {1},
	doi = {10.1186/1471-244x-13-66},
	url = {http://dx.doi.org/10.1186/1471-244X-13-66},
	langid = {en}
}

@article{cohen1979,
	title = {Social Change and Crime Rate Trends: A Routine Activity Approach},
	author = {Cohen, Lawrence E. and Felson, Marcus},
	year = {1979},
	month = {08},
	date = {1979-08},
	journal = {American Sociological Review},
	pages = {588},
	volume = {44},
	number = {4},
	doi = {10.2307/2094589},
	url = {http://dx.doi.org/10.2307/2094589}
}

@article{finkelhor1996,
	title = {Risk Factors for Youth Victimization: Beyond a Lifestyles/Routine Activities Theory Approach},
	author = {Finkelhor, David and Asdigian, Nancy L.},
	year = {1996},
	month = {01},
	date = {1996-01},
	journal = {Violence and Victims},
	pages = {3--19},
	volume = {11},
	number = {1},
	doi = {10.1891/0886-6708.11.1.3},
	url = {http://dx.doi.org/10.1891/0886-6708.11.1.3},
	langid = {en}
}

@article{Khalifeh2010,
	title = {Gender and violence against people with severe mental illness},
	author = {Khalifeh, Hind and Dean, Kimberlie},
	year = {2010},
	month = {10},
	date = {2010-10},
	journal = {International Review of Psychiatry},
	pages = {535--546},
	volume = {22},
	number = {5},
	doi = {10.3109/09540261.2010.506185},
	url = {http://dx.doi.org/10.3109/09540261.2010.506185},
	langid = {en}
}

@article{vandeinse2018,
	title = {Intimate partner violence and sexual assault among women with serious mental illness: A review of prevalence and risk factors},
	author = {Van Deinse, Tonya B and Macy, Rebecca J and Cuddeback, Gary S and Allman, Amanda J},
	year = {2018},
	month = {04},
	date = {2018-04-11},
	journal = {Journal of Social Work},
	pages = {789--828},
	volume = {19},
	number = {6},
	doi = {10.1177/1468017318766425},
	url = {http://dx.doi.org/10.1177/1468017318766425},
	langid = {en}
}

@article{Dean2007,
	title = {Predictors of violent victimization amongst those with psychosis},
	author = {Dean, K. and Moran, P. and Fahy, T. and Tyrer, P. and Leese, M. and Creed, F. and Burns, T. and Murray, R. and Walsh, E.},
	year = {2007},
	month = {11},
	date = {2007-11},
	journal = {Acta Psychiatrica Scandinavica},
	pages = {345--353},
	volume = {116},
	number = {5},
	doi = {10.1111/j.1600-0447.2007.01078.x},
	url = {http://dx.doi.org/10.1111/j.1600-0447.2007.01078.x},
	langid = {en}
}

@article{short2013a,
	title = {Comparing violence in schizophrenia patients with and without comorbid substance-use disorders to community controls},
	author = {Short, T. and Thomas, S. and Mullen, P. and Ogloff, J. R. P.},
	year = {2013},
	month = {01},
	date = {2013-01},
	journal = {Acta Psychiatrica Scandinavica},
	pages = {n/a--n/a},
	doi = {10.1111/acps.12066},
	url = {http://dx.doi.org/10.1111/acps.12066},
	langid = {en}
}

@article{Rose2011,
	title = {Barriers and facilitators of disclosures of domestic violence by
                        mental health service users: qualitative study},
	author = {Rose, Diana and Trevillion, Kylee and Woodall, Anna and Morgan, Craig and Feder, Gene and Howard, Louise},
	year = {2011},
	month = {03},
	date = {2011-03},
	journal = {British Journal of Psychiatry},
	pages = {189--194},
	volume = {198},
	number = {3},
	doi = {10.1192/bjp.bp.109.072389},
	url = {http://dx.doi.org/10.1192/bjp.bp.109.072389},
	langid = {en}
}

@article{Feder2006,
	title = {Women Exposed to Intimate Partner Violence},
	author = {Feder, Gene S.},
	year = {2006},
	month = {01},
	date = {2006-01-09},
	journal = {Archives of Internal Medicine},
	pages = {22},
	volume = {166},
	number = {1},
	doi = {10.1001/archinte.166.1.22},
	url = {http://dx.doi.org/10.1001/archinte.166.1.22},
	langid = {en}
}

@article{Fisher2017,
	title = {Impact of crime victimization on initial presentation to an early intervention for psychosis service and 18-month outcomes},
	author = {Fisher, Helen L. and Roberts, Anna and Day, Fern and Reynolds, Nicky and Iacoponi, Eduardo and Garety, Philippa A. and Craig, Thomas K.J. and McGuire, Philip and Valmaggia, Lucia and Power, Paddy},
	year = {2015},
	month = {01},
	date = {2015-01-13},
	journal = {Early Intervention in Psychiatry},
	pages = {123--132},
	volume = {11},
	number = {2},
	doi = {10.1111/eip.12219},
	url = {http://dx.doi.org/10.1111/eip.12219},
	langid = {en}
}

@article{Newman2010,
	title = {Impact of Traumatic and Violent Victimization Experiences in Individuals With Schizophrenia and Schizoaffective Disorder},
	author = {Newman, Jennifer M. and Turnbull, Ayme and Berman, Brady A. and Rodrigues, Stephanie and Serper, Mark R.},
	year = {2010},
	month = {10},
	date = {2010-10},
	journal = {Journal of Nervous & Mental Disease},
	pages = {708--714},
	volume = {198},
	number = {10},
	doi = {10.1097/nmd.0b013e3181f49bf1},
	url = {http://dx.doi.org/10.1097/NMD.0b013e3181f49bf1},
	langid = {en}
}

@article{Hodgins2009,
	title = {Experiences of victimisation and depression are associated with community functioning among men with schizophrenia},
	author = {Hodgins, Sheilagh and Lincoln, Tania and Mak, Tim},
	year = {2008},
	month = {11},
	date = {2008-11-22},
	journal = {Social Psychiatry and Psychiatric Epidemiology},
	pages = {448--457},
	volume = {44},
	number = {6},
	doi = {10.1007/s00127-008-0460-8},
	url = {http://dx.doi.org/10.1007/s00127-008-0460-8},
	langid = {en}
}

@article{Lam1998,
	title = {The Effect of Victimization on Clinical Outcomes of Homeless Persons With Serious Mental Illness},
	author = {Lam, Julie A. and Rosenheck, Robert},
	year = {1998},
	month = {05},
	date = {1998-05},
	journal = {Psychiatric Services},
	pages = {678--683},
	volume = {49},
	number = {5},
	doi = {10.1176/ps.49.5.678},
	url = {http://dx.doi.org/10.1176/ps.49.5.678},
	langid = {en}
}

@article{Latalova2014,
	title = {Violent victimization of adult patients with severe mental illness: a systematic review},
	author = {Latalova, Klara and Kamaradova, Dana and Prasko, Jan},
	year = {2014},
	month = {10},
	date = {2014-10},
	journal = {Neuropsychiatric Disease and Treatment},
	pages = {1925},
	doi = {10.2147/ndt.s68321},
	url = {http://dx.doi.org/10.2147/NDT.S68321},
	langid = {en}
}

@article{Wehring2011,
	title = {Violence and Schizophrenia},
	author = {Wehring, H. J. and Carpenter, W. T.},
	year = {2011},
	month = {08},
	date = {2011-08-22},
	journal = {Schizophrenia Bulletin},
	pages = {877--878},
	volume = {37},
	number = {5},
	doi = {10.1093/schbul/sbr094},
	url = {http://dx.doi.org/10.1093/schbul/sbr094},
	langid = {en}
}

@article{labrum2020,
	title = {Victimization and Perpetration of Violence Involving Persons With Mood and Other Psychiatric Disorders and Their Relatives},
	author = {Labrum, Travis and Solomon, Phyllis and Marcus, Steven},
	year = {2020},
	month = {05},
	date = {2020-05-01},
	journal = {Psychiatric Services},
	pages = {498--501},
	volume = {71},
	number = {5},
	doi = {10.1176/appi.ps.201900384},
	url = {http://dx.doi.org/10.1176/appi.ps.201900384},
	langid = {en}
}
