
@article{maden2007,
	title = {Violence, mental disorder and public protection},
	author = {Maden, Tony},
	year = {2007},
	month = {10},
	date = {2007-10},
	journal = {Psychiatry},
	pages = {399--403},
	volume = {6},
	number = {10},
	doi = {10.1016/j.mppsy.2007.07.003},
	url = {http://dx.doi.org/10.1016/j.mppsy.2007.07.003},
	langid = {en}
}

@article{Flannery2018,
	title = {Characteristics of International Assaultive Psychiatric Patients: Review of Published Findings, 2013{\textendash}2017},
	author = {Flannery, Raymond B. and Wyshak, Grace and Flannery, Georgina J.},
	year = {2017},
	month = {10},
	date = {2017-10-02},
	journal = {Psychiatric Quarterly},
	pages = {349--357},
	volume = {89},
	number = {2},
	doi = {10.1007/s11126-017-9539-2},
	url = {http://dx.doi.org/10.1007/s11126-017-9539-2},
	langid = {en}
}

@article{Douglas2009,
	title = {Psychosis as a risk factor for violence to others: A meta-analysis.},
	author = {Douglas, Kevin S. and Guy, Laura S. and Hart, Stephen D.},
	year = {2009},
	date = {2009},
	journal = {Psychological Bulletin},
	pages = {679--706},
	volume = {135},
	number = {5},
	doi = {10.1037/a0016311},
	url = {http://dx.doi.org/10.1037/a0016311},
	langid = {en}
}

@article{markowitz2011,
	title = {Mental illness, crime, and violence: Risk, context, and social control},
	author = {Markowitz, Fred E.},
	year = {2011},
	month = {01},
	date = {2011-01},
	journal = {Aggression and Violent Behavior},
	pages = {36--44},
	volume = {16},
	number = {1},
	doi = {10.1016/j.avb.2010.10.003},
	url = {http://dx.doi.org/10.1016/j.avb.2010.10.003},
	langid = {en}
}

@article{Torrey2011,
	title = {Stigma and Violence: Isn't It Time to Connect the Dots?},
	author = {Torrey, E. F.},
	year = {2011},
	month = {06},
	date = {2011-06-07},
	journal = {Schizophrenia Bulletin},
	pages = {892--896},
	volume = {37},
	number = {5},
	doi = {10.1093/schbul/sbr057},
	url = {http://dx.doi.org/10.1093/schbul/sbr057},
	langid = {en}
}

@article{phelan2000,
	title = {Public Conceptions of Mental Illness in 1950 and 1996: What Is Mental Illness and Is It to be Feared?},
	author = {Phelan, Jo C. and Link, Bruce G. and Stueve, Ann and Pescosolido, Bernice A.},
	year = {2000},
	month = {06},
	date = {2000-06},
	journal = {Journal of Health and Social Behavior},
	pages = {188},
	volume = {41},
	number = {2},
	doi = {10.2307/2676305},
	url = {http://dx.doi.org/10.2307/2676305}
}

@inbook{hinshaw2011,
	title = {Historical Perspectives on Mental Illness and Stigma},
	author = {Hinshaw, Stephen P.},
	year = {2011},
	month = {03},
	date = {2011-03},
	publisher = {Oxford University Press},
	pages = {53--72},
	doi = {10.1093/med:psych/9780199730926.003.0003},
	url = {http://dx.doi.org/10.1093/med:psych/9780199730926.003.0003}
}

@article{Choe2008,
	title = {Perpetration of Violence, Violent Victimization, and Severe Mental Illness: Balancing Public Health Concerns},
	author = {Choe, Jeanne Y. and Teplin, Linda A. and Abram, Karen M.},
	year = {2008},
	month = {02},
	date = {2008-02},
	journal = {Psychiatric Services},
	pages = {153--164},
	volume = {59},
	number = {2},
	doi = {10.1176/ps.2008.59.2.153},
	url = {http://dx.doi.org/10.1176/ps.2008.59.2.153},
	langid = {en}
}

@article{levey1995,
	title = {Dangerousness, unpredictability and the fear of people with schizophrenia},
	author = {Levey, Susan and Howells, Kevin and Levey, Susan},
	year = {1995},
	month = {05},
	date = {1995-05},
	journal = {The Journal of Forensic Psychiatry},
	pages = {19--39},
	volume = {6},
	number = {1},
	doi = {10.1080/09585189508409874},
	url = {http://dx.doi.org/10.1080/09585189508409874},
	langid = {en}
}

@article{de2019,
	title = {Prevalence Rate and Risk Factors of Victimization in Adult Patients With a Psychotic Disorder: A Systematic Review and Meta-analysis},
	author = {de Vries, Bertine and van Busschbach, Jooske T and van der Stouwe, Elisabeth C D and Aleman, {André} and van Dijk, Jan J M and Lysaker, Paul H and Arends, Johan and Nijman, Saskia A and Pijnenborg, Gerdina H M},
	year = {2018},
	month = {03},
	date = {2018-03-14},
	journal = {Schizophrenia Bulletin},
	pages = {114--126},
	volume = {45},
	number = {1},
	doi = {10.1093/schbul/sby020},
	url = {http://dx.doi.org/10.1093/schbul/sby020},
	langid = {en}
}

@inbook{dehaan2008,
	title = {Violence as an Essentially Contested Concept},
	author = {de Haan, Willem},
	year = {2008},
	date = {2008},
	publisher = {Springer New York},
	pages = {27--40},
	doi = {10.1007/978-0-387-09705-3_3},
	url = {http://dx.doi.org/10.1007/978-0-387-09705-3_3}
}

@book{baron1994,
	title = {Human Aggression},
	author = {Baron, Robert and Richardson, Deborah},
	year = {1994},
	date = {1994},
	publisher = {Springer},
	series = {Perspectives in Social Psychology},
	url = {https://www.amazon.co.uk/Human-Aggression-Perspectives-Social-Psychology/dp/0306444585}
}

@article{volavka2013,
	title = {Violence in schizophrenia and bipolar disorder},
	author = {Volavka, Jan},
	year = {2013},
	month = {03},
	date = {2013-03},
	journal = {Psychiatria Danubina},
	pages = {24--33},
	volume = {25},
	number = {1},
	note = {PMID: 23470603},
	langid = {eng}
}

@article{Serper2011,
	title = {Aggression in Schizophrenia},
	author = {Serper, M. R.},
	year = {2011},
	month = {08},
	date = {2011-08-22},
	journal = {Schizophrenia Bulletin},
	pages = {897--898},
	volume = {37},
	number = {5},
	doi = {10.1093/schbul/sbr090},
	url = {http://dx.doi.org/10.1093/schbul/sbr090},
	langid = {en}
}

@article{Chen2017,
	title = {Newspaper depictions of mental and physical health},
	author = {Chen, Marian and Lawrie, Stephen},
	year = {2017},
	month = {12},
	date = {2017-12},
	journal = {BJPsych Bulletin},
	pages = {308--313},
	volume = {41},
	number = {6},
	doi = {10.1192/pb.bp.116.054775},
	url = {http://dx.doi.org/10.1192/pb.bp.116.054775},
	langid = {en}
}

@article{Steadman1998,
	title = {Violence by People Discharged From Acute Psychiatric Inpatient Facilities and by Others in the Same Neighborhoods},
	author = {Steadman, Henry J. and Mulvey, Edward P. and Monahan, John and Robbins, Pamela Clark and Appelbaum, Paul S. and Grisso, Thomas and Roth, Loren H. and Silver, Eric},
	year = {1998},
	month = {05},
	date = {1998-05-01},
	journal = {Archives of General Psychiatry},
	pages = {393},
	volume = {55},
	number = {5},
	doi = {10.1001/archpsyc.55.5.393},
	url = {http://dx.doi.org/10.1001/archpsyc.55.5.393},
	langid = {en}
}

@article{Torrey2008,
	title = {The MacArthur Violence Risk Assessment Study Revisited: Two Views Ten Years After Its Initial Publication},
	author = {Torrey, E. Fuller and Stanley, Jonathan and Monahan, John and Steadman, Henry J.},
	year = {2008},
	month = {02},
	date = {2008-02},
	journal = {Psychiatric Services},
	pages = {147--152},
	volume = {59},
	number = {2},
	doi = {10.1176/ps.2008.59.2.147},
	url = {http://dx.doi.org/10.1176/ps.2008.59.2.147},
	langid = {en}
}

@book{monahan2001,
	title = {Rethinking Risk Assessment: The MacArthur Study of Mental Disorder and Violence},
	author = {Monahan, John and Steadman, Henry J. and Silver, Eric and Appelbaum, Paul S. and Robbins, Pamela Clark and Mulvey, Edward P. and Roth, Loren H. and Grisso, Thomas},
	year = {2001},
	month = {03},
	date = {2001-03},
	publisher = {Oxford University Press, USA},
	note = {Google-Books-ID: VRNnDAAAQBAJ},
	langid = {en}
}

@article{Hodgins2017,
	title = {New Clinically Relevant Findings about Violence by People with Schizophrenia},
	author = {Hodgins, Sheilagh and Klein, Sanja},
	year = {2016},
	month = {07},
	date = {2016-07-11},
	journal = {The Canadian Journal of Psychiatry},
	pages = {86--93},
	volume = {62},
	number = {2},
	doi = {10.1177/0706743716648300},
	url = {http://dx.doi.org/10.1177/0706743716648300},
	langid = {en}
}

@article{Hodgins1992,
	title = {Mental Disorder, Intellectual Deficiency, and Crime},
	author = {Hodgins, Sheilagh},
	year = {1992},
	month = {06},
	date = {1992-06-01},
	journal = {Archives of General Psychiatry},
	pages = {476},
	volume = {49},
	number = {6},
	doi = {10.1001/archpsyc.1992.01820060056009},
	url = {http://dx.doi.org/10.1001/archpsyc.1992.01820060056009},
	langid = {en}
}

@article{Tiihonen1997,
	title = {Specific major mental disorders and criminality: a 26-year prospective study of the 1966 northern Finland birth cohort},
	year = {1997},
	month = {06},
	date = {1997-06},
	journal = {American Journal of Psychiatry},
	pages = {840--845},
	volume = {154},
	number = {6},
	doi = {10.1176/ajp.154.6.840},
	url = {http://dx.doi.org/10.1176/ajp.154.6.840},
	langid = {en}
}

@article{Räsänen1998,
	title = {Schizophrenia, Alcohol Abuse, and Violent Behavior: A 26-Year Followup Study of an Unselected Birth Cohort},
	author = {Rasanen, P. and Tahonen, J. and Isohanni, M. and Rantakallio, P. and Lehtonen, J. and Moring, J.},
	year = {1998},
	month = {01},
	date = {1998-01-01},
	journal = {Schizophrenia Bulletin},
	pages = {437--441},
	volume = {24},
	number = {3},
	doi = {10.1093/oxfordjournals.schbul.a033338},
	url = {http://dx.doi.org/10.1093/oxfordjournals.schbul.a033338},
	langid = {en}
}

@article{Arseneault2000,
	title = {Mental Disorders and Violence in a Total Birth Cohort},
	author = {Arseneault, Louise and Moffitt, Terrie E. and Caspi, Avshalom and Taylor, Pamela J. and Silva, Phil A.},
	year = {2000},
	month = {10},
	date = {2000-10-01},
	journal = {Archives of General Psychiatry},
	pages = {979},
	volume = {57},
	number = {10},
	doi = {10.1001/archpsyc.57.10.979},
	url = {http://dx.doi.org/10.1001/archpsyc.57.10.979},
	langid = {en}
}

@article{Prins2014,
	title = {Prevalence of Mental Illnesses in U.S. State Prisons: A Systematic Review},
	author = {Prins, Seth J.},
	year = {2014},
	month = {07},
	date = {2014-07},
	journal = {Psychiatric Services},
	pages = {862--872},
	volume = {65},
	number = {7},
	doi = {10.1176/appi.ps.201300166},
	url = {http://dx.doi.org/10.1176/appi.ps.201300166},
	langid = {en}
}

@article{Fazel2016,
	title = {Mental health of prisoners: prevalence, adverse outcomes, and interventions},
	author = {Fazel, Seena and Hayes, Adrian J and Bartellas, Katrina and Clerici, Massimo and Trestman, Robert},
	year = {2016},
	month = {09},
	date = {2016-09},
	journal = {The Lancet Psychiatry},
	pages = {871--881},
	volume = {3},
	number = {9},
	doi = {10.1016/s2215-0366(16)30142-0},
	url = {http://dx.doi.org/10.1016/S2215-0366(16)30142-0},
	langid = {en}
}

@article{Fazel2011,
	title = {Psychotic Disorders and Repeat Offending: Systematic Review and Meta-analysis},
	author = {Fazel, S. and Yu, R.},
	year = {2009},
	month = {12},
	date = {2009-12-03},
	journal = {Schizophrenia Bulletin},
	pages = {800--810},
	volume = {37},
	number = {4},
	doi = {10.1093/schbul/sbp135},
	url = {http://dx.doi.org/10.1093/schbul/sbp135},
	langid = {en}
}

@article{misiak2018,
	title = {A systematic review on the relationship between mental health, radicalization and mass violence},
	author = {Misiak, {B{\l}a{\.{z}}ej} and Samochowiec, Jerzy and Bhui, Kamaldeep and Schouler-Ocak, Merryam and Demunter, Hella and Kuey, Levent and Raballo, Andrea and Gorwood, Philip and Frydecka, Dorota and Dom, Geert},
	year = {2018},
	month = {11},
	date = {2018-11-28},
	journal = {European Psychiatry},
	pages = {51--59},
	volume = {56},
	number = {1},
	doi = {10.1016/j.eurpsy.2018.11.005},
	url = {http://dx.doi.org/10.1016/j.eurpsy.2018.11.005},
	langid = {en}
}

@article{Large2009,
	title = {The relationship between the rate of homicide by those with schizophrenia and the overall homicide rate: A systematic review and meta-analysis},
	author = {Large, Matthew and Smith, Glen and Nielssen, Olav},
	year = {2009},
	month = {07},
	date = {2009-07},
	journal = {Schizophrenia Research},
	pages = {123--129},
	volume = {112},
	number = {1-3},
	doi = {10.1016/j.schres.2009.04.004},
	url = {http://dx.doi.org/10.1016/j.schres.2009.04.004},
	langid = {en}
}

@article{Erb2001,
	title = {Homicide and schizophrenia: maybe treatment does have a preventive effect},
	author = {Erb, Martin and Hodgins, Sheilagh and Freese, Roland and {Müller-Isberner}, {Rüdiger} and {Jöckel}, Dieter},
	year = {2001},
	month = {03},
	date = {2001-03},
	journal = {Criminal Behaviour and Mental Health},
	pages = {6--26},
	volume = {11},
	number = {1},
	doi = {10.1002/cbm.366},
	url = {http://dx.doi.org/10.1002/cbm.366},
	langid = {en}
}

@article{golenkov2014,
	title = {Systematic review and meta-analysis of homicide recidivism and Schizophrenia},
	author = {Golenkov, Andrei and Nielssen, Olav and Large, Matthew},
	year = {2014},
	month = {02},
	date = {2014-02-18},
	journal = {BMC Psychiatry},
	volume = {14},
	number = {1},
	doi = {10.1186/1471-244x-14-46},
	url = {http://dx.doi.org/10.1186/1471-244X-14-46},
	langid = {en}
}

@article{Hodgins2008,
	title = {Violent behaviour among people with schizophrenia: a framework for investigations of causes, and effective treatment, and prevention},
	author = {Hodgins, Sheilagh},
	year = {2008},
	month = {04},
	date = {2008-04-23},
	journal = {Philosophical Transactions of the Royal Society B: Biological Sciences},
	pages = {2505--2518},
	volume = {363},
	number = {1503},
	doi = {10.1098/rstb.2008.0034},
	url = {http://dx.doi.org/10.1098/rstb.2008.0034},
	langid = {en}
}

@article{Fazel2009,
	title = {Schizophrenia, Substance Abuse, and Violent Crime},
	author = {Fazel, Seena},
	year = {2009},
	month = {05},
	date = {2009-05-20},
	journal = {JAMA},
	pages = {2016},
	volume = {301},
	number = {19},
	doi = {10.1001/jama.2009.675},
	url = {http://dx.doi.org/10.1001/jama.2009.675},
	langid = {en}
}

@article{Elbogen2009,
	title = {The Intricate Link Between Violence and Mental Disorder},
	author = {Elbogen, Eric B. and Johnson, Sally C.},
	year = {2009},
	month = {02},
	date = {2009-02-01},
	journal = {Archives of General Psychiatry},
	pages = {152},
	volume = {66},
	number = {2},
	doi = {10.1001/archgenpsychiatry.2008.537},
	url = {http://dx.doi.org/10.1001/archgenpsychiatry.2008.537},
	langid = {en}
}

@article{Fuller2015,
	title = {Deinstitutionalization and the rise of violence},
	author = {Fuller Torrey, E.},
	year = {2015},
	month = {02},
	date = {2015-02-16},
	journal = {CNS Spectrums},
	pages = {207--214},
	volume = {20},
	number = {3},
	doi = {10.1017/s1092852914000753},
	url = {http://dx.doi.org/10.1017/S1092852914000753},
	langid = {en}
}

@article{Fazel2014,
	title = {Violent crime, suicide, and premature mortality in patients with schizophrenia and related disorders: a 38-year total population study in Sweden},
	author = {Fazel, Seena and Wolf, Achim and Palm, Camilla and Lichtenstein, Paul},
	year = {2014},
	month = {06},
	date = {2014-06},
	journal = {The Lancet Psychiatry},
	pages = {44--54},
	volume = {1},
	number = {1},
	doi = {10.1016/s2215-0366(14)70223-8},
	url = {http://dx.doi.org/10.1016/S2215-0366(14)70223-8},
	langid = {en}
}

@article{Olfson2010,
	title = {Continuity of Care After Inpatient Discharge of Patients With Schizophrenia in the Medicaid Program},
	author = {Olfson, Mark and Marcus, Steven C. and Doshi, Jalpa A.},
	year = {2010},
	month = {04},
	date = {2010-04-20},
	journal = {The Journal of Clinical Psychiatry},
	pages = {831--838},
	volume = {71},
	number = {07},
	doi = {10.4088/jcp.10m05969yel},
	url = {http://dx.doi.org/10.4088/JCP.10m05969yel}
}

@article{Schug2007,
	title = {Psychophysiological and behavioural characteristics of individuals comorbid for antisocial personality disorder and schizophrenia-spectrum personality disorder},
	author = {Schug, Robert A. and Raine, Adrian and Wilcox, Rand R.},
	year = {2007},
	month = {11},
	date = {2007-11},
	journal = {British Journal of Psychiatry},
	pages = {408--414},
	volume = {191},
	number = {5},
	doi = {10.1192/bjp.bp.106.034801},
	url = {http://dx.doi.org/10.1192/bjp.bp.106.034801},
	langid = {en}
}

@article{Kim-Cohen2003,
	title = {Prior Juvenile Diagnoses in Adults With Mental Disorder},
	author = {Kim-Cohen, Julia and Caspi, Avshalom and Moffitt, Terrie E. and Harrington, HonaLee and Milne, Barry J. and Poulton, Richie},
	year = {2003},
	month = {07},
	date = {2003-07-01},
	journal = {Archives of General Psychiatry},
	pages = {709},
	volume = {60},
	number = {7},
	doi = {10.1001/archpsyc.60.7.709},
	url = {http://dx.doi.org/10.1001/archpsyc.60.7.709},
	langid = {en}
}

@article{Gosden2005,
	title = {Violence of Young Criminals Predicts Schizophrenia: A 9-Year Register-Based Followup of 15- to 19-Year-Old Criminals},
	author = {Gosden, N. P.},
	year = {2005},
	month = {07},
	date = {2005-07-27},
	journal = {Schizophrenia Bulletin},
	pages = {759--768},
	volume = {31},
	number = {3},
	doi = {10.1093/schbul/sbi015},
	url = {http://dx.doi.org/10.1093/schbul/sbi015},
	langid = {en}
}

@article{Moran2004,
	title = {The Correlates of Comorbid Antisocial Personality Disorder in Schizophrenia},
	author = {Moran, P. and Hodgins, S.},
	year = {2004},
	month = {01},
	date = {2004-01-01},
	journal = {Schizophrenia Bulletin},
	pages = {791--802},
	volume = {30},
	number = {4},
	doi = {10.1093/oxfordjournals.schbul.a007132},
	url = {http://dx.doi.org/10.1093/oxfordjournals.schbul.a007132},
	langid = {en}
}

@article{silverstein2015,
	title = {Schizophrenia and violence: realities and recommendations},
	author = {Silverstein, Steven M. and Del Pozzo, Jill and {Roché}, Matthew and Boyle, Douglas and Miskimen, Theresa},
	year = {2015},
	month = {01},
	date = {2015-01},
	journal = {Crime Psychology Review},
	pages = {21--42},
	volume = {1},
	number = {1},
	doi = {10.1080/23744006.2015.1033154},
	url = {http://dx.doi.org/10.1080/23744006.2015.1033154},
	langid = {en}
}

@article{Mueser2006,
	title = {Conduct Disorder and Antisocial Personality Disorder in Persons With Severe Psychiatric and Substance Use Disorders},
	author = {Mueser, K. T. and Crocker, A. G. and Frisman, L. B. and Drake, R. E. and Covell, N. H. and Essock, S. M.},
	year = {2005},
	month = {10},
	date = {2005-10-12},
	journal = {Schizophrenia Bulletin},
	pages = {626--636},
	volume = {32},
	number = {4},
	doi = {10.1093/schbul/sbj068},
	url = {http://dx.doi.org/10.1093/schbul/sbj068},
	langid = {en}
}

@article{Swanson2006,
	title = {A National Study of Violent Behavior in Persons With Schizophrenia},
	author = {Swanson, Jeffrey W. and Swartz, Marvin S. and Van Dorn, Richard A. and Elbogen, Eric B. and Wagner, H. Ryan and Rosenheck, Robert A. and Stroup, T. Scott and McEvoy, Joseph P. and Lieberman, Jeffrey A.},
	year = {2006},
	month = {05},
	date = {2006-05-01},
	journal = {Archives of General Psychiatry},
	pages = {490},
	volume = {63},
	number = {5},
	doi = {10.1001/archpsyc.63.5.490},
	url = {http://dx.doi.org/10.1001/archpsyc.63.5.490},
	langid = {en}
}

@article{Witt2013,
	title = {Risk Factors for Violence in Psychosis: Systematic Review and Meta-Regression Analysis of 110 Studies},
	author = {Witt, Katrina and van Dorn, Richard and Fazel, Seena},
	editor = {Zhang, Xiang Yang},
	year = {2013},
	month = {02},
	date = {2013-02-13},
	journal = {PLoS ONE},
	pages = {e55942},
	volume = {8},
	number = {2},
	doi = {10.1371/journal.pone.0055942},
	url = {http://dx.doi.org/10.1371/journal.pone.0055942},
	langid = {en}
}

@article{Rund2018,
	title = {The association between schizophrenia and violence},
	author = {Rund, {Bjørn Rishovd}},
	year = {2018},
	month = {09},
	date = {2018-09},
	journal = {Schizophrenia Research},
	pages = {39--40},
	volume = {199},
	doi = {10.1016/j.schres.2018.02.043},
	url = {http://dx.doi.org/10.1016/j.schres.2018.02.043},
	langid = {en}
}

@article{Nielssen2010,
	title = {Rates of Homicide During the First Episode of Psychosis and After Treatment: A Systematic Review and Meta-analysis},
	author = {Nielssen, O. and Large, M.},
	year = {2008},
	month = {11},
	date = {2008-11-05},
	journal = {Schizophrenia Bulletin},
	pages = {702--712},
	volume = {36},
	number = {4},
	doi = {10.1093/schbul/sbn144},
	url = {http://dx.doi.org/10.1093/schbul/sbn144},
	langid = {en}
}

@article{crocker2005,
	title = {Antisocial Personality, Psychopathy, and Violence in Persons with Dual Disorders},
	author = {Crocker, Anne G. and Mueser, Kim T. and Drake, Robert E. and Clark, Robin E. and Mchugo, Gregory J. and Ackerson, Theimann H. and Alterman, Arthur I.},
	year = {2005},
	month = {08},
	date = {2005-08},
	journal = {Criminal Justice and Behavior},
	pages = {452--476},
	volume = {32},
	number = {4},
	doi = {10.1177/0093854805276407},
	url = {http://dx.doi.org/10.1177/0093854805276407},
	langid = {en}
}

@article{Bo2011,
	title = {Risk factors for violence among patients with schizophrenia},
	author = {Bo, Sune and Abu-Akel, Ahmad and Kongerslev, Mickey and Haahr, Ulrik Helt and Simonsen, Erik},
	year = {2011},
	month = {07},
	date = {2011-07},
	journal = {Clinical Psychology Review},
	pages = {711--726},
	volume = {31},
	number = {5},
	doi = {10.1016/j.cpr.2011.03.002},
	url = {http://dx.doi.org/10.1016/j.cpr.2011.03.002},
	langid = {en}
}

@article{Bucci2013,
	title = {Predicting compliance with command hallucinations: Anger, impulsivity and appraisals of voices' power and intent},
	author = {Bucci, Sandra and Birchwood, Max and Twist, Laura and Tarrier, Nicholas and Emsley, Richard and Haddock, Gillian},
	year = {2013},
	month = {06},
	date = {2013-06},
	journal = {Schizophrenia Research},
	pages = {163--168},
	volume = {147},
	number = {1},
	doi = {10.1016/j.schres.2013.02.037},
	url = {http://dx.doi.org/10.1016/j.schres.2013.02.037},
	langid = {en}
}

@article{Joireman2003,
	title = {The aggression paradox: Understanding links among aggression, sensation seeking, and the consideration of future consequences.},
	author = {Joireman, Jeff and Anderson, Jonathan and Strathman, Alan},
	year = {2003},
	date = {2003},
	journal = {Journal of Personality and Social Psychology},
	pages = {1287--1302},
	volume = {84},
	number = {6},
	doi = {10.1037/0022-3514.84.6.1287},
	url = {http://dx.doi.org/10.1037/0022-3514.84.6.1287},
	langid = {en}
}

@article{fox2004,
	title = {Factors determining compliance with command hallucinations with violent content: the role of social rank, perceived power of the voice and voice malevolence},
	author = {Fox, John RE and Gray, Nicola S and Lewis, Heledd},
	year = {2004},
	month = {09},
	date = {2004-09},
	journal = {Journal of Forensic Psychiatry & Psychology},
	pages = {511--531},
	volume = {15},
	number = {3},
	doi = {10.1080/1478994042000226741},
	url = {http://dx.doi.org/10.1080/1478994042000226741},
	langid = {en}
}

@article{Barrowcliff2010,
	title = {Factors affecting compliance and resistance to auditory command hallucinations: perceptions of a clinical population},
	author = {Barrowcliff, Alastair L. and Haddock, Gillian},
	year = {2010},
	month = {09},
	date = {2010-09-28},
	journal = {Journal of Mental Health},
	pages = {542--552},
	volume = {19},
	number = {6},
	doi = {10.3109/09638237.2010.520365},
	url = {http://dx.doi.org/10.3109/09638237.2010.520365},
	langid = {en}
}

@article{Coid2016,
	title = {Paranoid Ideation and Violence: Meta-analysis of Individual Subject Data of 7 Population Surveys},
	author = {Coid, Jeremy W. and Ullrich, Simone and Bebbington, Paul and Fazel, Seena and Keers, Robert},
	year = {2016},
	month = {02},
	date = {2016-02-15},
	journal = {Schizophrenia Bulletin},
	pages = {907--915},
	volume = {42},
	number = {4},
	doi = {10.1093/schbul/sbw006},
	url = {http://dx.doi.org/10.1093/schbul/sbw006},
	langid = {en}
}

@article{Darrell-Berry2016,
	title = {The relationship between paranoia and aggression in psychosis: A systematic review},
	author = {Darrell-Berry, Hannah and Berry, Katherine and Bucci, Sandra},
	year = {2016},
	month = {04},
	date = {2016-04},
	journal = {Schizophrenia Research},
	pages = {169--176},
	volume = {172},
	number = {1-3},
	doi = {10.1016/j.schres.2016.02.009},
	url = {http://dx.doi.org/10.1016/j.schres.2016.02.009},
	langid = {en}
}

@article{Keers2014,
	title = {Association of Violence With Emergence of Persecutory Delusions in Untreated Schizophrenia},
	author = {Keers, Robert and Ullrich, Simone and DeStavola, Bianca L. and Coid, Jeremy W.},
	year = {2014},
	month = {03},
	date = {2014-03},
	journal = {American Journal of Psychiatry},
	pages = {332--339},
	volume = {171},
	number = {3},
	doi = {10.1176/appi.ajp.2013.13010134},
	url = {http://dx.doi.org/10.1176/appi.ajp.2013.13010134},
	langid = {en}
}

@article{Taylor1998,
	title = {Mental disorder and violence},
	author = {Taylor, Pamela J. and Leese, Morven and Williams, Deborah and Butwell, Martin and Daly, Rachel and Larkin, Emmet},
	year = {1998},
	month = {03},
	date = {1998-03},
	journal = {British Journal of Psychiatry},
	pages = {218--226},
	volume = {172},
	number = {3},
	doi = {10.1192/bjp.172.3.218},
	url = {http://dx.doi.org/10.1192/bjp.172.3.218},
	langid = {en}
}

@article{swanson1996,
	title = {Psychotic symptoms and disorders and the risk of violent behaviour in the community},
	author = {Swanson, Jeffrey W. and Borum, Randy and Swartz, Marvin S. and Monahan, John},
	year = {1996},
	month = {11},
	date = {1996-11},
	journal = {Criminal Behaviour and Mental Health},
	pages = {309--329},
	volume = {6},
	number = {4},
	doi = {10.1002/cbm.118},
	url = {http://dx.doi.org/10.1002/cbm.118},
	langid = {en}
}

@article{Link1998,
	title = {Psychotic symptoms and violent behaviors: probing the components of threat/control-override symptoms},
	author = {Link, B. G. and Stueve, A. and Phelan, J.},
	year = {1998},
	month = {11},
	date = {1998-11-16},
	journal = {Social Psychiatry and Psychiatric Epidemiology},
	pages = {S55--S60},
	volume = {33},
	number = {0},
	doi = {10.1007/s001270050210},
	url = {http://dx.doi.org/10.1007/s001270050210}
}

@article{Stompe2004,
	title = {Schizophrenia, Delusional Symptoms, and Violence: The Threat/Control-Override Concept Reexamined},
	author = {Stompe, T. and Ortwein-Swoboda, G. and Schanda, H.},
	year = {2004},
	month = {01},
	date = {2004-01-01},
	journal = {Schizophrenia Bulletin},
	pages = {31--44},
	volume = {30},
	number = {1},
	doi = {10.1093/oxfordjournals.schbul.a007066},
	url = {http://dx.doi.org/10.1093/oxfordjournals.schbul.a007066},
	langid = {en}
}

@article{Nederlof2011,
	title = {Threat/Control-Override Symptoms and Emotional Reactions to Positive Symptoms as Correlates of Aggressive Behavior in Psychotic Patients},
	author = {Nederlof, Angela F. and Muris, Peter and Hovens, Johannes E.},
	year = {2011},
	month = {05},
	date = {2011-05},
	journal = {Journal of Nervous & Mental Disease},
	pages = {342--347},
	volume = {199},
	number = {5},
	doi = {10.1097/nmd.0b013e3182175167},
	url = {http://dx.doi.org/10.1097/NMD.0b013e3182175167},
	langid = {en}
}

@article{Appelbaum2000,
	title = {Violence and Delusions: Data From the MacArthur Violence Risk Assessment Study},
	author = {Appelbaum, P. S.},
	year = {2000},
	month = {04},
	date = {2000-04-01},
	journal = {American Journal of Psychiatry},
	pages = {566--572},
	volume = {157},
	number = {4},
	doi = {10.1176/appi.ajp.157.4.566},
	url = {http://dx.doi.org/10.1176/appi.ajp.157.4.566}
}

@article{Skeem2006,
	title = {Psychiatric symptoms and community violence among high-risk patients: A test of the relationship at the weekly level.},
	author = {Skeem, Jennifer L. and Schubert, Carol and Odgers, Candice and Mulvey, Edward P. and Gardner, William and Lidz, Charles},
	year = {2006},
	date = {2006},
	journal = {Journal of Consulting and Clinical Psychology},
	pages = {967--979},
	volume = {74},
	number = {5},
	doi = {10.1037/0022-006x.74.5.967},
	url = {http://dx.doi.org/10.1037/0022-006X.74.5.967},
	langid = {en}
}

@article{Bentall2001,
	title = {PERSECUTORY DELUSIONS: A REVIEW AND THEORETICAL INTEGRATION},
	author = {Bentall, Richard P. and Corcoran, Rhiannon and Howard, Robert and Blackwood, Nigel and Kinderman, Peter},
	year = {2001},
	month = {11},
	date = {2001-11},
	journal = {Clinical Psychology Review},
	pages = {1143--1192},
	volume = {21},
	number = {8},
	doi = {10.1016/s0272-7358(01)00106-4},
	url = {http://dx.doi.org/10.1016/s0272-7358(01)00106-4},
	langid = {en}
}

@article{Pinkham2011,
	title = {Actively paranoid patients with schizophrenia over attribute anger to neutral faces},
	author = {Pinkham, Amy E. and Brensinger, Colleen and Kohler, Christian and Gur, Raquel E. and Gur, Ruben C.},
	year = {2011},
	month = {02},
	date = {2011-02},
	journal = {Schizophrenia Research},
	pages = {174--178},
	volume = {125},
	number = {2-3},
	doi = {10.1016/j.schres.2010.11.006},
	url = {http://dx.doi.org/10.1016/j.schres.2010.11.006},
	langid = {en}
}

@article{bjørkly2002,
	title = {Psychotic symptoms and violence toward others {\textemdash} a literature review of some preliminary findings},
	author = {{Bjørkly}, {Stål}},
	year = {2002},
	month = {11},
	date = {2002-11},
	journal = {Aggression and Violent Behavior},
	pages = {617--631},
	volume = {7},
	number = {6},
	doi = {10.1016/s1359-1789(01)00049-0},
	url = {http://dx.doi.org/10.1016/S1359-1789(01)00049-0},
	langid = {en}
}

@article{Tone2012,
	title = {Paranoid thinking, suspicion, and risk for aggression: A neurodevelopmental perspective},
	author = {Tone, Erin B. and Davis, Jennifer S.},
	year = {2012},
	month = {07},
	date = {2012-07-11},
	journal = {Development and Psychopathology},
	pages = {1031--1046},
	volume = {24},
	number = {3},
	doi = {10.1017/s0954579412000521},
	url = {http://dx.doi.org/10.1017/S0954579412000521},
	langid = {en}
}

@article{van2012,
	title = {Delusional distress partly explains the relation between persecutory ideations and inpatient aggression on the ward},
	author = {van Dongen, Josanne Donna Marlijn and Buck, Nicole Maria Leonarda and van Marle, Hjalmar Johan Carel},
	year = {2012},
	month = {12},
	date = {2012-12},
	journal = {Psychiatry Research},
	pages = {779--783},
	volume = {200},
	number = {2-3},
	doi = {10.1016/j.psychres.2012.05.016},
	url = {http://dx.doi.org/10.1016/j.psychres.2012.05.016},
	langid = {en}
}

@article{Coid2013,
	title = {The Relationship Between Delusions and Violence},
	author = {Coid, Jeremy W. and Ullrich, Simone and Kallis, Constantinos and Keers, Robert and Barker, Dave and Cowden, Fiona and Stamps, Rebekah},
	year = {2013},
	month = {05},
	date = {2013-05-01},
	journal = {JAMA Psychiatry},
	pages = {465},
	volume = {70},
	number = {5},
	doi = {10.1001/jamapsychiatry.2013.12},
	url = {http://dx.doi.org/10.1001/jamapsychiatry.2013.12},
	langid = {en}
}

@article{Christodoulou1977,
	title = {The Syndrome of Capgras},
	author = {Christodoulou, G. N.},
	year = {1977},
	month = {06},
	date = {1977-06},
	journal = {British Journal of Psychiatry},
	pages = {556--564},
	volume = {130},
	number = {6},
	doi = {10.1192/bjp.130.6.556},
	url = {http://dx.doi.org/10.1192/bjp.130.6.556},
	langid = {en}
}

@article{De1988,
	title = {Dangerous Delusions},
	author = {de Pauw, Karel W. and Szulecka, T. Krystyna},
	year = {1988},
	month = {01},
	date = {1988-01},
	journal = {British Journal of Psychiatry},
	pages = {91--96},
	volume = {152},
	number = {1},
	doi = {10.1192/bjp.152.1.91},
	url = {http://dx.doi.org/10.1192/bjp.152.1.91},
	langid = {en}
}

@inbook{Barrelle2018,
	title = {Capgras Syndrome and Other Delusional Misidentification Syndromes},
	author = {Barrelle, Alain and {Luauté}, J.-P.},
	year = {2017},
	month = {11},
	date = {2017-11-17},
	publisher = {S. Karger AG},
	pages = {35--43},
	doi = {10.1159/000475680},
	url = {http://dx.doi.org/10.1159/000475680}
}

@article{Nestor1992,
	title = {Neuropsychological and Clinical Correlates of Murder and Other Forms of Extreme Violence in a Forensic Psychiatric Population},
	author = {NESTOR, PAUL G.},
	year = {1992},
	month = {07},
	date = {1992-07},
	journal = {The Journal of Nervous and Mental Disease},
	pages = {418--423},
	volume = {180},
	number = {7},
	doi = {10.1097/00005053-199207000-00003},
	url = {http://dx.doi.org/10.1097/00005053-199207000-00003},
	langid = {en}
}

@article{Aziz2005,
	title = {Dangerousness and Management of Delusional Misidentification Syndrome},
	author = {Aziz, Mohamed A. and Razik, Gihan N. and Donn, Jessica E.},
	year = {2005},
	date = {2005},
	journal = {Psychopathology},
	pages = {97--102},
	volume = {38},
	number = {2},
	doi = {10.1159/000085351},
	url = {http://dx.doi.org/10.1159/000085351},
	langid = {en}
}

@article{Silva1994,
	title = {Delusional Misidentification Syndromes and Dangerousness},
	author = {Silva, Arturo and Leong, Gregory B. and Weinstock, Robert and Sharma, Kaushal K. and Klein, Rochelle L.},
	year = {1994},
	date = {1994},
	journal = {Psychopathology},
	pages = {215--219},
	volume = {27},
	number = {3-5},
	doi = {10.1159/000284872},
	url = {http://dx.doi.org/10.1159/000284872},
	langid = {en}
}

@article{Gupta2021,
	title = {Delusional Misidentification Syndromes: Untangling Clinical Quandary With the Newer Evidence-Based Approaches},
	author = {Gupta, Mayank and Gupta, Nihit and Zubiar, Faiza and Ramar, Dhanvendran},
	year = {2021},
	month = {12},
	date = {2021-12-04},
	journal = {Cureus},
	doi = {10.7759/cureus.20165},
	url = {http://dx.doi.org/10.7759/cureus.20165},
	langid = {en}
}

@article{Breen2000,
	title = {MODELS OF FACE RECOGNITION AND DELUSIONAL MISIDENTIFICATION: A CRITICAL REVIEW},
	author = {Breen, Nora and Caine, Diana and Coltheart, Max},
	year = {2000},
	month = {02},
	date = {2000-02},
	journal = {Cognitive Neuropsychology},
	pages = {55--71},
	volume = {17},
	number = {1-3},
	doi = {10.1080/026432900380481},
	url = {http://dx.doi.org/10.1080/026432900380481},
	langid = {en}
}

@article{Verma2005,
	title = {Aggression in Asian Patients with First-Episode Psychosis},
	author = {Verma, Swapna and Poon, Lye Yin and Subramaniam, Mythily and Chong, Siow-Ann},
	year = {2005},
	month = {12},
	date = {2005-12},
	journal = {International Journal of Social Psychiatry},
	pages = {365--371},
	volume = {51},
	number = {4},
	doi = {10.1177/0020764005060852},
	url = {http://dx.doi.org/10.1177/0020764005060852},
	langid = {en}
}

@article{Lincoln2008,
	title = {Is Lack of Insight Associated With Physically Aggressive Behavior Among People With Schizophrenia Living in the Community?},
	author = {Lincoln, Tania Marie and Hodgins, Sheilagh},
	year = {2008},
	month = {01},
	date = {2008-01},
	journal = {Journal of Nervous & Mental Disease},
	pages = {62--66},
	volume = {196},
	number = {1},
	doi = {10.1097/nmd.0b013e31815faa4d},
	url = {http://dx.doi.org/10.1097/NMD.0b013e31815faa4d},
	langid = {en}
}

@article{Bonnet2017,
	title = {Insight et dangerosité psychiatrique : revue de la littérature},
	author = {Bonnet, S. and Lacambre, M. and Schandrin, A. and Capdevielle, D. and Courtet, P.},
	year = {2017},
	month = {04},
	date = {2017-04},
	journal = {L'Encéphale},
	pages = {146--153},
	volume = {43},
	number = {2},
	doi = {10.1016/j.encep.2016.01.010},
	url = {http://dx.doi.org/10.1016/j.encep.2016.01.010},
	langid = {fr}
}

@article{Coccaro1997,
	title = {Assessment of life history of aggression: development and psychometric characteristics},
	author = {Coccaro, Emil F. and Berman, Mitchell E. and Kavoussi, Richard J.},
	year = {1997},
	month = {12},
	date = {1997-12},
	journal = {Psychiatry Research},
	pages = {147--157},
	volume = {73},
	number = {3},
	doi = {10.1016/s0165-1781(97)00119-4},
	url = {http://dx.doi.org/10.1016/s0165-1781(97)00119-4},
	langid = {en}
}

@article{Swanson2008,
	title = {Alternative pathways to violence in persons with schizophrenia: The role of childhood antisocial behavior problems.},
	author = {Swanson, Jeffrey W. and Van Dorn, Richard A. and Swartz, Marvin S. and Smith, Alicia and Elbogen, Eric B. and Monahan, John},
	year = {2008},
	date = {2008},
	journal = {Law and Human Behavior},
	pages = {228--240},
	volume = {32},
	number = {3},
	doi = {10.1007/s10979-007-9095-7},
	url = {http://dx.doi.org/10.1007/s10979-007-9095-7},
	langid = {en}
}

@article{Bo2013,
	title = {Subtypes of aggression in patients with schizophrenia: The role of personality disorders},
	author = {Bo, Sune and Forth, Adelle and Kongerslev, Mickey and Haahr, Ulrik Helt and Pedersen, Liselotte and Simonsen, Erik},
	year = {2013},
	month = {04},
	date = {2013-04},
	journal = {Criminal Behaviour and Mental Health},
	pages = {124--137},
	volume = {23},
	number = {2},
	doi = {10.1002/cbm.1858},
	url = {http://dx.doi.org/10.1002/cbm.1858},
	langid = {en}
}

@article{Tengström2000,
	title = {Psychopathy (PCL-R) as a predictor of violent recidivism among criminal offenders with schizophrenia.},
	author = {{Tengström}, Anders and Grann, Martin and {Långström}, Niklas and Kullgren, Gunnar},
	year = {2000},
	date = {2000},
	journal = {Law and Human Behavior},
	pages = {45--58},
	volume = {24},
	number = {1},
	doi = {10.1023/a:1005474719516},
	url = {http://dx.doi.org/10.1023/a:1005474719516},
	langid = {en}
}

@article{Abushualeh2006,
	title = {Association of psychopathic traits and symptomatology with violence in patients with schizophrenia},
	author = {{Abushua'leh}, Khalid and Abu-Akel, Ahmad},
	year = {2006},
	month = {08},
	date = {2006-08},
	journal = {Psychiatry Research},
	pages = {205--211},
	volume = {143},
	number = {2-3},
	doi = {10.1016/j.psychres.2005.05.017},
	url = {http://dx.doi.org/10.1016/j.psychres.2005.05.017},
	langid = {en}
}

@article{Conner2001,
	title = {Violence, Alcohol, and Completed Suicide: A Case-Control Study},
	author = {Conner, Kenneth R. and Cox, Christopher and Duberstein, Paul R. and Tian, Lili and Nisbet, Paul A. and Conwell, Yeates},
	year = {2001},
	month = {10},
	date = {2001-10},
	journal = {American Journal of Psychiatry},
	pages = {1701--1705},
	volume = {158},
	number = {10},
	doi = {10.1176/appi.ajp.158.10.1701},
	url = {http://dx.doi.org/10.1176/appi.ajp.158.10.1701},
	langid = {en}
}

@article{Suokas2010,
	title = {Epidemiology of suicide attempts among persons with psychotic disorder in the general population},
	author = {Suokas, Jaana T. and {Perälä}, Jonna and Suominen, Kirsi and Saarni, Samuli and {Lönnqvist}, Jouko and Suvisaari, Jaana M.},
	year = {2010},
	month = {12},
	date = {2010-12},
	journal = {Schizophrenia Research},
	pages = {22--28},
	volume = {124},
	number = {1-3},
	doi = {10.1016/j.schres.2010.09.009},
	url = {http://dx.doi.org/10.1016/j.schres.2010.09.009},
	langid = {en}
}

@article{Hunt2006,
	title = {Suicide in Schizophrenia: Findings from a National Clinical Survey},
	author = {HUNT, ISABELLE M. and KAPUR, NAV and WINDFUHR, KIRSTEN and ROBINSON, JO and BICKLEY, HARRIET and FLYNN, SANDRA and PARSONS, REBECCA and BURNS, JAMES and SHAW, JENNY and APPLEBY, LOUIS},
	year = {2006},
	month = {05},
	date = {2006-05},
	journal = {Journal of Psychiatric Practice},
	pages = {139--147},
	volume = {12},
	number = {3},
	doi = {10.1097/00131746-200605000-00002},
	url = {http://dx.doi.org/10.1097/00131746-200605000-00002},
	langid = {en}
}

@article{Webb2011,
	title = {Violent offending and IQ level as predictors of suicide in schizophrenia: National cohort study},
	author = {Webb, Roger T. and {Långström}, Niklas and Runeson, Bo and Lichtenstein, Paul and Fazel, Seena},
	year = {2011},
	month = {08},
	date = {2011-08},
	journal = {Schizophrenia Research},
	pages = {143--147},
	volume = {130},
	number = {1-3},
	doi = {10.1016/j.schres.2011.04.031},
	url = {http://dx.doi.org/10.1016/j.schres.2011.04.031},
	langid = {en}
}

@article{Witt2014,
	title = {The relationship between suicide and violence in schizophrenia: Analysis of the Clinical Antipsychotic Trials of Intervention Effectiveness (CATIE) dataset},
	author = {Witt, Katrina and Hawton, Keith and Fazel, Seena},
	year = {2014},
	month = {04},
	date = {2014-04},
	journal = {Schizophrenia Research},
	pages = {61--67},
	volume = {154},
	number = {1-3},
	doi = {10.1016/j.schres.2014.02.001},
	url = {http://dx.doi.org/10.1016/j.schres.2014.02.001},
	langid = {en}
}

@article{Cohen1998,
	title = {Homicide-Suicide in Older Persons},
	author = {Cohen, Donna and Llorente, Maria and Eisdorfer, Carl},
	year = {1998},
	month = {03},
	date = {1998-03},
	journal = {American Journal of Psychiatry},
	pages = {390--396},
	volume = {155},
	number = {3},
	doi = {10.1176/ajp.155.3.390},
	url = {http://dx.doi.org/10.1176/ajp.155.3.390},
	langid = {en}
}

@article{roma2012,
	title = {Mental illness in homicide-suicide: a review},
	author = {Roma, Paolo and Pazzelli, Floriana and Pompili, Maurizio and Lester, David and Girardi, Paolo and Ferracuti, Stefano},
	year = {2012},
	date = {2012},
	journal = {The Journal of the American Academy of Psychiatry and the Law},
	pages = {462--468},
	volume = {40},
	number = {4},
	note = {PMID: 23233465},
	langid = {eng}
}

@article{Geddes1999,
	title = {Suicide and homicide by people with mental illness},
	author = {Geddes, J.},
	year = {1999},
	month = {05},
	date = {1999-05-08},
	journal = {BMJ},
	pages = {1225--1226},
	volume = {318},
	number = {7193},
	doi = {10.1136/bmj.318.7193.1225},
	url = {http://dx.doi.org/10.1136/bmj.318.7193.1225},
	langid = {en}
}

@article{Bulgari2017,
	title = {Clinical and neuropsychological features of violence in schizophrenia: A prospective cohort study},
	author = {Bulgari, Viola and Iozzino, Laura and Ferrari, Clarissa and Picchioni, Marco and Candini, Valentina and De Francesco, Alessandra and Maggi, Paolo and Segalini, Beatrice and de Girolamo, Giovanni},
	year = {2017},
	month = {03},
	date = {2017-03},
	journal = {Schizophrenia Research},
	pages = {124--130},
	volume = {181},
	doi = {10.1016/j.schres.2016.10.016},
	url = {http://dx.doi.org/10.1016/j.schres.2016.10.016},
	langid = {en}
}

@article{Demirbuga2013,
	title = {Facial emotion recognition in patients with violent schizophrenia},
	author = {Demirbuga, Sedat and Sahin, Esat and Ozver, Ismail and Aliustaoglu, Suheyla and Kandemir, Eyup and Varkal, Mihriban D. and Emul, Murat and Ince, Haluk},
	year = {2013},
	month = {03},
	date = {2013-03},
	journal = {Schizophrenia Research},
	pages = {142--145},
	volume = {144},
	number = {1-3},
	doi = {10.1016/j.schres.2012.12.015},
	url = {http://dx.doi.org/10.1016/j.schres.2012.12.015},
	langid = {en}
}

@article{Arborelius2013,
	title = {A new interactive computer simulation system for violence risk assessment of mentally disordered violent offenders},
	author = {Arborelius, Lotta and Fors, Uno and Svensson, Anna-Karin and Sygel, Kristina and Kristiansson, Marianne},
	year = {2013},
	month = {01},
	date = {2013-01-07},
	journal = {Criminal Behaviour and Mental Health},
	pages = {30--40},
	volume = {23},
	number = {1},
	doi = {10.1002/cbm.1849},
	url = {http://dx.doi.org/10.1002/cbm.1849},
	langid = {en}
}

@article{Abu-Akel2004,
	title = {'Theory of mind' in violent and nonviolent patients with paranoid schizophrenia},
	author = {Abu-Akel, A},
	year = {2004},
	month = {07},
	date = {2004-07-01},
	journal = {Schizophrenia Research},
	pages = {45--53},
	volume = {69},
	number = {1},
	doi = {10.1016/s0920-9964(03)00049-5},
	url = {http://dx.doi.org/10.1016/S0920-9964(03)00049-5},
	langid = {en}
}

@article{Sedgwick2017,
	title = {Neuropsychology and emotion processing in violent individuals with antisocial personality disorder or schizophrenia: The same or different? A systematic review and meta-analysis},
	author = {Sedgwick, Ottilie and Young, Susan and Baumeister, David and Greer, Ben and Das, Mrigendra and Kumari, Veena},
	year = {2017},
	month = {10},
	date = {2017-10-09},
	journal = {Australian & New Zealand Journal of Psychiatry},
	pages = {1178--1197},
	volume = {51},
	number = {12},
	doi = {10.1177/0004867417731525},
	url = {http://dx.doi.org/10.1177/0004867417731525},
	langid = {en}
}

@article{van2020,
	title = {The Empathic Brain of Psychopaths: From Social Science to Neuroscience in Empathy},
	author = {van Dongen, Josanne D. M.},
	year = {2020},
	month = {04},
	date = {2020-04-16},
	journal = {Frontiers in Psychology},
	volume = {11},
	doi = {10.3389/fpsyg.2020.00695},
	url = {http://dx.doi.org/10.3389/fpsyg.2020.00695}
}

@article{Kessler2010,
	title = {Childhood adversities and adult psychopathology in the WHO World Mental Health Surveys},
	author = {Kessler, Ronald C. and McLaughlin, Katie A. and Green, Jennifer Greif and Gruber, Michael J. and Sampson, Nancy A. and Zaslavsky, Alan M. and Aguilar-Gaxiola, Sergio and Alhamzawi, Ali Obaid and Alonso, Jordi and Angermeyer, Matthias and Benjet, Corina and Bromet, Evelyn and Chatterji, Somnath and de Girolamo, Giovanni and Demyttenaere, Koen and Fayyad, John and Florescu, Silvia and Gal, Gilad and Gureje, Oye and Haro, Josep Maria and Hu, Chi-yi and Karam, Elie G. and Kawakami, Norito and Lee, Sing and {Lépine}, Jean-Pierre and Ormel, Johan and Posada-Villa, {José} and Sagar, Rajesh and Tsang, Adley and {Üstün}, T. Bedirhan and Vassilev, Svetlozar and Viana, Maria Carmen and Williams, David R.},
	year = {2010},
	month = {11},
	date = {2010-11},
	journal = {British Journal of Psychiatry},
	pages = {378--385},
	volume = {197},
	number = {5},
	doi = {10.1192/bjp.bp.110.080499},
	url = {http://dx.doi.org/10.1192/bjp.bp.110.080499},
	langid = {en}
}

@article{Lang2004,
	title = {Adult Psychopathology and Intimate Partner Violence among Survivors of Childhood Maltreatment},
	author = {Lang, Ariel J. and Stein, Murray B. and Kennedy, Colleen M. and Foy, David W.},
	year = {2004},
	month = {10},
	date = {2004-10},
	journal = {Journal of Interpersonal Violence},
	pages = {1102--1118},
	volume = {19},
	number = {10},
	doi = {10.1177/0886260504269090},
	url = {http://dx.doi.org/10.1177/0886260504269090},
	langid = {en}
}

@article{Bentall2012,
	title = {Do Specific Early-Life Adversities Lead to Specific Symptoms of Psychosis? A Study from the 2007 The Adult Psychiatric Morbidity Survey},
	author = {Bentall, R. P. and Wickham, S. and Shevlin, M. and Varese, F.},
	year = {2012},
	month = {04},
	date = {2012-04-10},
	journal = {Schizophrenia Bulletin},
	pages = {734--740},
	volume = {38},
	number = {4},
	doi = {10.1093/schbul/sbs049},
	url = {http://dx.doi.org/10.1093/schbul/sbs049},
	langid = {en}
}

@article{Spidel2010,
	title = {Early psychosis and aggression: Predictors and prevalence of violent behaviour amongst individuals with early onset psychosis},
	author = {Spidel, Alicia and Lecomte, Tania and Greaves, Caroline and Sahlstrom, Kimberly and Yuille, John C.},
	year = {2010},
	month = {07},
	date = {2010-07},
	journal = {International Journal of Law and Psychiatry},
	pages = {171--176},
	volume = {33},
	number = {3},
	doi = {10.1016/j.ijlp.2010.03.007},
	url = {http://dx.doi.org/10.1016/j.ijlp.2010.03.007},
	langid = {en}
}

@article{Witt2015,
	title = {Improving risk assessment in schizophrenia: epidemiological investigation of criminal history factors},
	author = {Witt, Katrina and Lichtenstein, Paul and Fazel, Seena},
	year = {2015},
	month = {05},
	date = {2015-05},
	journal = {British Journal of Psychiatry},
	pages = {424--430},
	volume = {206},
	number = {5},
	doi = {10.1192/bjp.bp.114.144485},
	url = {http://dx.doi.org/10.1192/bjp.bp.114.144485},
	langid = {en}
}

@article{Yudofsky1986,
	title = {The Overt Aggression Scale for the objective rating of verbal and physical aggression},
	year = {1986},
	month = {01},
	date = {1986-01},
	journal = {American Journal of Psychiatry},
	pages = {35--39},
	volume = {143},
	number = {1},
	doi = {10.1176/ajp.143.1.35},
	url = {http://dx.doi.org/10.1176/ajp.143.1.35},
	langid = {en}
}

@article{pyszora2014,
	title = {Amnesia for violent offenses: factors underlying memory loss and recovery},
	author = {Pyszora, Natalie M. and Fahy, Tom and Kopelman, Michael D.},
	year = {2014},
	date = {2014},
	journal = {The Journal of the American Academy of Psychiatry and the Law},
	pages = {202--213},
	volume = {42},
	number = {2},
	note = {PMID: 24986347},
	langid = {eng}
}

@article{webermann2017,
	title = {Mental illness and violent behavior: the role of dissociation},
	author = {Webermann, Aliya R. and Brand, Bethany L.},
	year = {2017},
	month = {01},
	date = {2017-01-23},
	journal = {Borderline Personality Disorder and Emotion Dysregulation},
	volume = {4},
	number = {1},
	doi = {10.1186/s40479-017-0053-9},
	url = {http://dx.doi.org/10.1186/s40479-017-0053-9},
	langid = {en}
}

@article{stout2008,
	title = {Claims of amnesia for criminal offenses: psychopathology, substance abuse, and malingering},
	author = {Stout, Ronnie G. and Farooque, Rokeya S.},
	year = {2008},
	month = {09},
	date = {2008-09},
	journal = {Journal of Forensic Sciences},
	pages = {1218--1222},
	volume = {53},
	number = {5},
	doi = {10.1111/j.1556-4029.2008.00819.x},
	note = {PMID: 18637867},
	langid = {eng}
}

@article{BUSS1957,
	title = {An inventory for assessing different kinds of hostility.},
	author = {Buss, Arnold H. and Durkee, Ann},
	year = {1957},
	date = {1957},
	journal = {Journal of Consulting Psychology},
	pages = {343--349},
	volume = {21},
	number = {4},
	doi = {10.1037/h0046900},
	url = {http://dx.doi.org/10.1037/h0046900},
	langid = {en}
}

@article{buss1992,
	title = {The Aggression Questionnaire.},
	author = {Buss, Arnold H. and Perry, Mark},
	year = {1992},
	month = {09},
	date = {1992-09},
	journal = {Journal of Personality and Social Psychology},
	pages = {452--459},
	volume = {63},
	number = {3},
	doi = {10.1037/0022-3514.63.3.452},
	url = {http://dx.doi.org/10.1037/0022-3514.63.3.452},
	langid = {en}
}

@article{Crowner1994,
	title = {Typology of patient-patient assaults detected by videocameras},
	year = {1994},
	month = {11},
	date = {1994-11},
	journal = {American Journal of Psychiatry},
	pages = {1669--1672},
	volume = {151},
	number = {11},
	doi = {10.1176/ajp.151.11.1669},
	url = {http://dx.doi.org/10.1176/ajp.151.11.1669},
	langid = {en}
}

@article{silver1991,
	title = {The Overt Aggression Scale: overview and guiding principles},
	author = {Silver, J. M. and Yudofsky, S. C.},
	year = {1991},
	date = {1991},
	journal = {The Journal of Neuropsychiatry and Clinical Neurosciences},
	pages = {S22--29},
	volume = {3},
	number = {2},
	note = {PMID: 1821217},
	langid = {eng}
}

@article{Kafantaris1996,
	title = {Assessment of children with the overt aggression scale},
	year = {1996},
	month = {05},
	date = {1996-05},
	journal = {The Journal of Neuropsychiatry and Clinical Neurosciences},
	pages = {186--193},
	volume = {8},
	number = {2},
	doi = {10.1176/jnp.8.2.186},
	url = {http://dx.doi.org/10.1176/jnp.8.2.186},
	langid = {en}
}

@article{Kay1988,
	title = {Profiles of Aggression among Psychiatric Patients},
	author = {KAY, STANLEY R. and WOLKENFELD, FRED and MURRILL, LISA M.},
	year = {1988},
	month = {09},
	date = {1988-09},
	journal = {The Journal of Nervous and Mental Disease},
	pages = {539--546},
	volume = {176},
	number = {9},
	doi = {10.1097/00005053-198809000-00007},
	url = {http://dx.doi.org/10.1097/00005053-198809000-00007},
	langid = {en}
}

@article{Palmstierna1987,
	title = {Staff observation aggression scale, SOAS: Presentation and evaluation},
	author = {Palmstierna, T. and Wistedt, B.},
	year = {1987},
	month = {12},
	date = {1987-12},
	journal = {Acta Psychiatrica Scandinavica},
	pages = {657--663},
	volume = {76},
	number = {6},
	doi = {10.1111/j.1600-0447.1987.tb02936.x},
	url = {http://dx.doi.org/10.1111/j.1600-0447.1987.tb02936.x},
	langid = {en}
}

@article{nijman1999,
	title = {The staff observation aggression scale-revised (SOAS-R)},
	author = {Nijman, Henk L.I. and Muris, Peter and Merckelbach, Harald L.G.J. and Palmstierna, Tom and Wistedt, {B�rje} and Vos, A.M. and van Rixtel, Ans and Allertz, Wiel},
	year = {1999},
	date = {1999},
	journal = {Aggressive Behavior},
	pages = {197--209},
	volume = {25},
	number = {3},
	doi = {10.1002/(sici)1098-2337(1999)25:3<197::aid-ab4>3.0.co;2-c},
	url = {http://dx.doi.org/10.1002/(SICI)1098-2337(1999)25:3<197::AID-AB4>3.0.CO;2-C},
	langid = {en}
}

@article{bjørkly1996,
	title = {Report Form for Aggressive Episodes: Preliminary Report},
	author = {{Bjørkly}, {Stål}},
	year = {1996},
	month = {12},
	date = {1996-12},
	journal = {Perceptual and Motor Skills},
	pages = {1139--1152},
	volume = {83},
	number = {3{\_}suppl},
	doi = {10.2466/pms.1996.83.3f.1139},
	url = {http://dx.doi.org/10.2466/pms.1996.83.3f.1139},
	langid = {en}
}

@article{Bowers2007,
	title = {The attempted and actual assault scale (attacks)},
	author = {Bowers, Len and Nijman, Henk and Palmstierna, Tom},
	year = {2007},
	month = {09},
	date = {2007-09},
	journal = {International Journal of Methods in Psychiatric Research},
	pages = {171--176},
	volume = {16},
	number = {3},
	doi = {10.1002/mpr.219},
	url = {http://dx.doi.org/10.1002/mpr.219},
	langid = {en}
}

@article{Wistedt1990,
	title = {The Development of an Observer-Scale for Measuring Social Dysfunction and Aggression},
	author = {Wistedt, B. and Rasmussen, A. and Pedersen, L. and Malm, U. and {Träskman-Bendz}, L. and Wakelin, J. and Bech, P.},
	year = {1990},
	month = {11},
	date = {1990-11},
	journal = {Pharmacopsychiatry},
	pages = {249--252},
	volume = {23},
	number = {06},
	doi = {10.1055/s-2007-1014514},
	url = {http://dx.doi.org/10.1055/s-2007-1014514},
	langid = {en}
}

@inbook{novaco1996,
	title = {Anger as a risk factor for violence among the mentally disordered.},
	author = {Novaco, R.W.},
	editor = {Monahan, John and Steadman, Henry J.},
	year = {1996},
	month = {05},
	date = {1996-05},
	publisher = {University of Chicago Press},
	series = {The John D. and Catherine T. MacArthur Foundation Series on Mental Health and Development},
	url = {https://press.uchicago.edu/ucp/books/book/chicago/V/bo3684057.html},
	address = {Chicago, IL},
	langid = {en}
}

@article{Monahan2014,
	title = {The evolution of violence risk assessment},
	author = {Monahan, John and Skeem, Jennifer L.},
	year = {2014},
	month = {03},
	date = {2014-03-28},
	journal = {CNS Spectrums},
	pages = {419--424},
	volume = {19},
	number = {5},
	doi = {10.1017/s1092852914000145},
	url = {http://dx.doi.org/10.1017/S1092852914000145},
	langid = {en}
}

@article{Ramesh2018,
	title = {Use of risk assessment instruments to predict violence in forensic psychiatric hospitals: a systematic review and meta-analysis},
	author = {Ramesh, Taanvi and Igoumenou, Artemis and Vazquez Montes, Maria and Fazel, Seena},
	year = {2018},
	month = {08},
	date = {2018-08},
	journal = {European Psychiatry},
	pages = {47--53},
	volume = {52},
	doi = {10.1016/j.eurpsy.2018.02.007},
	url = {http://dx.doi.org/10.1016/j.eurpsy.2018.02.007},
	langid = {en}
}

@article{Borum1996,
	title = {Improving the clinical practice of violence risk assessment: Technology, guidelines, and training.},
	author = {Borum, Randy},
	year = {1996},
	month = {09},
	date = {1996-09},
	journal = {American Psychologist},
	pages = {945--956},
	volume = {51},
	number = {9},
	doi = {10.1037/0003-066x.51.9.945},
	url = {http://dx.doi.org/10.1037/0003-066X.51.9.945},
	langid = {en}
}

@article{singh2010,
	title = {Forensic Risk Assessment},
	author = {Singh, Jay P. and Fazel, Seena},
	year = {2010},
	month = {07},
	date = {2010-07-28},
	journal = {Criminal Justice and Behavior},
	pages = {965--988},
	volume = {37},
	number = {9},
	doi = {10.1177/0093854810374274},
	url = {http://dx.doi.org/10.1177/0093854810374274},
	langid = {en}
}

@article{Buckley2004,
	title = {Insight and Its Relationship to Violent Behavior in Patients With Schizophrenia},
	author = {Buckley, Peter F. and Hrouda, Debra R. and Friedman, Lee and Noffsinger, Stephen G. and Resnick, Philip J. and Camlin-Shingler, Kelly},
	year = {2004},
	month = {09},
	date = {2004-09},
	journal = {American Journal of Psychiatry},
	pages = {1712--1714},
	volume = {161},
	number = {9},
	doi = {10.1176/appi.ajp.161.9.1712},
	url = {http://dx.doi.org/10.1176/appi.ajp.161.9.1712},
	langid = {en}
}

@article{Krakowski2012,
	title = {The denial of aggression in violent patients with schizophrenia},
	author = {Krakowski, Menahem I. and Czobor, Pal},
	year = {2012},
	month = {11},
	date = {2012-11},
	journal = {Schizophrenia Research},
	pages = {228--233},
	volume = {141},
	number = {2-3},
	doi = {10.1016/j.schres.2012.08.037},
	url = {http://dx.doi.org/10.1016/j.schres.2012.08.037},
	langid = {en}
}

@article{Dinwiddie2004,
	title = {Prosecution of violent psychiatric inpatients: Theoretical and practical issues},
	author = {Dinwiddie, Stephen H. and Briska, William},
	year = {2004},
	month = {01},
	date = {2004-01},
	journal = {International Journal of Law and Psychiatry},
	pages = {17--29},
	volume = {27},
	number = {1},
	doi = {10.1016/j.ijlp.2004.01.002},
	url = {http://dx.doi.org/10.1016/j.ijlp.2004.01.002},
	langid = {en}
}

@article{Iozzino2015,
	title = {Prevalence and Risk Factors of Violence by Psychiatric Acute Inpatients: A Systematic Review and Meta-Analysis},
	author = {Iozzino, Laura and Ferrari, Clarissa and Large, Matthew and Nielssen, Olav and de Girolamo, Giovanni},
	editor = {Li, Suxia},
	year = {2015},
	month = {06},
	date = {2015-06-10},
	journal = {PLOS ONE},
	pages = {e0128536},
	volume = {10},
	number = {6},
	doi = {10.1371/journal.pone.0128536},
	url = {http://dx.doi.org/10.1371/journal.pone.0128536},
	langid = {en}
}

@article{Hatch-Maillette2007,
	title = {A Gender-Based Incidence Study of Workplace Violence in Psychiatric and Forensic Settings},
	author = {Hatch-Maillette, Mary A. and Scalora, Mario J. and Bader, Shannon M. and Bornstein, Brian H.},
	year = {2007},
	month = {08},
	date = {2007-08},
	journal = {Violence and Victims},
	pages = {449--462},
	volume = {22},
	number = {4},
	doi = {10.1891/088667007781553982},
	url = {http://dx.doi.org/10.1891/088667007781553982},
	langid = {en}
}

@article{Needham2005,
	title = {The effect of a training course in aggression management on mental health nurses{\textquoteright} perceptions of aggression: a cluster randomised controlled trial},
	author = {Needham, I. and Abderhalden, C. and Halfens, R.J.G. and Dassen, T. and Haug, H.J. and Fischer, J.E.},
	year = {2005},
	month = {08},
	date = {2005-08},
	journal = {International Journal of Nursing Studies},
	pages = {649--655},
	volume = {42},
	number = {6},
	doi = {10.1016/j.ijnurstu.2004.10.003},
	url = {http://dx.doi.org/10.1016/j.ijnurstu.2004.10.003},
	langid = {en}
}

@article{Fisher2003,
	title = {Elements of Successful Restraint and Seclusion Reduction Programs and Their Application in a Large, Urban, State Psychiatric Hospital},
	author = {FISHER, WILLIAM A.},
	year = {2003},
	month = {01},
	date = {2003-01},
	journal = {Journal of Psychiatric Practice},
	pages = {7--15},
	volume = {9},
	number = {1},
	doi = {10.1097/00131746-200301000-00003},
	url = {http://dx.doi.org/10.1097/00131746-200301000-00003},
	langid = {en}
}

@article{Zhou2016,
	title = {Prevalence of aggression in hospitalized patients with schizophrenia in China: A meta-analysis},
	author = {Zhou, Jian-Song and Zhong, Bao-Liang and Xiang, Yu-Tao and Chen, Qiongni and Cao, Xiao-Lan and Correll, Christoph U. and Ungvari, Gabor S. and Chiu, Helen F.K. and Lai, Kelly Y.C. and Wang, Xiao-Ping},
	year = {2015},
	month = {09},
	date = {2015-09-07},
	journal = {Asia-Pacific Psychiatry},
	pages = {60--69},
	volume = {8},
	number = {1},
	doi = {10.1111/appy.12209},
	url = {http://dx.doi.org/10.1111/appy.12209},
	langid = {en}
}

@article{Quanbeck2007,
	title = {Categorization of Aggressive Acts Committed by Chronically Assaultive State Hospital Patients},
	author = {Quanbeck, Cameron David and McDermott, Barbara E. and Lam, Jason and Eisenstark, Howard and Sokolov, Gregory and Scott, Charles L.},
	year = {2007},
	month = {04},
	date = {2007-04},
	journal = {Psychiatric Services},
	pages = {521--528},
	volume = {58},
	number = {4},
	doi = {10.1176/ps.2007.58.4.521},
	url = {http://dx.doi.org/10.1176/ps.2007.58.4.521},
	langid = {en}
}

@article{Meyer2016,
	title = {Psychopharmacology of Persistent Violence and Aggression},
	author = {Meyer, Jonathan M. and Cummings, Michael A. and Proctor, George and Stahl, Stephen M.},
	year = {2016},
	month = {12},
	date = {2016-12},
	journal = {Psychiatric Clinics of North America},
	pages = {541--556},
	volume = {39},
	number = {4},
	doi = {10.1016/j.psc.2016.07.012},
	url = {http://dx.doi.org/10.1016/j.psc.2016.07.012},
	langid = {en}
}

@article{Dack2013,
	title = {A review and meta-analysis of the patient factors associated with psychiatric in-patient aggression},
	author = {Dack, C. and Ross, J. and Papadopoulos, C. and Stewart, D. and Bowers, L.},
	year = {2013},
	month = {01},
	date = {2013-01-04},
	journal = {Acta Psychiatrica Scandinavica},
	pages = {255--268},
	volume = {127},
	number = {4},
	doi = {10.1111/acps.12053},
	url = {http://dx.doi.org/10.1111/acps.12053},
	langid = {en}
}

@article{Cornaggia2011,
	title = {Aggression in psychiatry wards: A systematic review},
	author = {Cornaggia, Cesare Maria and Beghi, Massimiliano and Pavone, Fabrizio and Barale, Francesco},
	year = {2011},
	month = {08},
	date = {2011-08},
	journal = {Psychiatry Research},
	pages = {10--20},
	volume = {189},
	number = {1},
	doi = {10.1016/j.psychres.2010.12.024},
	url = {http://dx.doi.org/10.1016/j.psychres.2010.12.024},
	langid = {en}
}

@article{newton2012,
	title = {Clinical decision-making about inpatient violence risk at admission to a public-sector acute psychiatric hospital},
	author = {Newton, Virginia M. and Elbogen, Eric B. and Brown, Carrie L. and Snyder, Jennifer and Barrick, Ann Louise},
	year = {2012},
	date = {2012},
	journal = {The Journal of the American Academy of Psychiatry and the Law},
	pages = {206--214},
	volume = {40},
	number = {2},
	note = {PMID: 22635292},
	langid = {eng}
}

@article{Bilgin2009,
	title = {An Evaluation of Nurses' Interpersonal Styles and Their Experiences of Violence},
	author = {Bilgin, {Hülya}},
	year = {2009},
	month = {01},
	date = {2009-01},
	journal = {Issues in Mental Health Nursing},
	pages = {252--259},
	volume = {30},
	number = {4},
	doi = {10.1080/01612840802710464},
	url = {http://dx.doi.org/10.1080/01612840802710464},
	langid = {en}
}

@article{Convit1990,
	title = {Characteristics of Repeatedly Assaultive Psychiatric Inpatients},
	author = {Convit, Antonio and Isay, David and Otis, David and Volavka, Jan},
	year = {1990},
	month = {10},
	date = {1990-10},
	journal = {Psychiatric Services},
	pages = {1112--1115},
	volume = {41},
	number = {10},
	doi = {10.1176/ps.41.10.1112},
	url = {http://dx.doi.org/10.1176/ps.41.10.1112},
	langid = {en}
}

@article{Grassi2001,
	title = {Characteristics of violent behaviour in acute psychiatric in-patients: a 5-year Italian study},
	author = {Grassi, Luigi and Peron, Luana and Marangoni, Claudio and Zanchi, Pierluigi and Vanni, Adello},
	year = {2008},
	month = {07},
	date = {2008-07-07},
	journal = {Acta Psychiatrica Scandinavica},
	pages = {273--279},
	volume = {104},
	number = {4},
	doi = {10.1111/j.1600-0447.2001.00292.x},
	url = {http://dx.doi.org/10.1111/j.1600-0447.2001.00292.x},
	langid = {en}
}

@article{McNiel2000,
	title = {The Relationship Between Command Hallucinations and Violence},
	author = {McNiel, Dale E. and Eisner, Jane P. and Binder, {Renée L.}},
	year = {2000},
	month = {10},
	date = {2000-10},
	journal = {Psychiatric Services},
	pages = {1288--1292},
	volume = {51},
	number = {10},
	doi = {10.1176/appi.ps.51.10.1288},
	url = {http://dx.doi.org/10.1176/appi.ps.51.10.1288},
	langid = {en}
}

@article{Steinert2000,
	title = {Measurement of violence during in-patient treatment and association with psychopathology},
	author = {Steinert, T. and {Wölfle}, M. and Gebhardt, R-P.},
	year = {2000},
	month = {08},
	date = {2000-08},
	journal = {Acta Psychiatrica Scandinavica},
	pages = {107--112},
	volume = {102},
	number = {2},
	doi = {10.1034/j.1600-0447.2000.102002107.x},
	url = {http://dx.doi.org/10.1034/j.1600-0447.2000.102002107.x},
	langid = {en}
}

@article{Troisi2003,
	title = {Hostility During Admission Interview as a Short-Term Predictor of Aggression in Acute Psychiatric Male Inpatients},
	author = {Troisi, Alfonso and Kustermann, Stefano and Genio, Massimo Di and Siracusano, Alberto},
	year = {2003},
	month = {12},
	date = {2003-12-15},
	journal = {The Journal of Clinical Psychiatry},
	pages = {1460--1464},
	volume = {64},
	number = {12},
	doi = {10.4088/jcp.v64n1210},
	url = {http://dx.doi.org/10.4088/jcp.v64n1210}
}

@article{Amore2008,
	title = {Predictors of violent behavior among acute psychiatric patients: Clinical study},
	author = {Amore, Mario and Menchetti, Marco and Tonti, Cristina and Scarlatti, Fabiano and Lundgren, Eva and Esposito, William and Berardi, Domenico},
	year = {2008},
	month = {06},
	date = {2008-06},
	journal = {Psychiatry and Clinical Neurosciences},
	pages = {247--255},
	volume = {62},
	number = {3},
	doi = {10.1111/j.1440-1819.2008.01790.x},
	url = {http://dx.doi.org/10.1111/j.1440-1819.2008.01790.x},
	langid = {en}
}

@article{Milton2001,
	title = {Aggressive incidents in first-episode psychosis},
	author = {Milton, John and Amin, Shazad and Singh, Swaran P. and Harrison, Glynn and Jones, Peter and Croudace, Tim and Medley, Ian and Brewin, John},
	year = {2001},
	month = {05},
	date = {2001-05},
	journal = {British Journal of Psychiatry},
	pages = {433--440},
	volume = {178},
	number = {5},
	doi = {10.1192/bjp.178.5.433},
	url = {http://dx.doi.org/10.1192/bjp.178.5.433},
	langid = {en}
}

@article{Colasanti2010,
	title = {Symptom Dimensions as Predictors of Clinical Outcome, Duration of Hospitalization, and Aggressive Behaviours in Acutely Hospitalized Patients with Psychotic Exacerbation},
	author = {Colasanti, Alessandro and Paletta, Silvia and Moliterno, Donatella and Mazzocchi, Alessandra and Mauri, Massimo Carlo and Altamura, Alfredo Carlo},
	year = {2010},
	month = {08},
	date = {2010-08-09},
	journal = {Clinical Practice & Epidemiology in Mental Health},
	pages = {72--78},
	volume = {6},
	number = {1},
	doi = {10.2174/1745017901006010072},
	url = {http://dx.doi.org/10.2174/1745017901006010072},
	langid = {en}
}

@article{Podubinski2017,
	title = {Patient characteristics associated with aggression in mental health units},
	author = {Podubinski, Tegan and Lee, Stuart and Hollander, Yitzchak and Daffern, Michael},
	year = {2017},
	month = {04},
	date = {2017-04},
	journal = {Psychiatry Research},
	pages = {141--145},
	volume = {250},
	doi = {10.1016/j.psychres.2017.01.078},
	url = {http://dx.doi.org/10.1016/j.psychres.2017.01.078},
	langid = {en}
}

@article{Steinert1999,
	title = {Aggressive Behavior Against Self and Others Among First-Admission Patients With Schizophrenia},
	author = {Steinert, Tilman and Wiebe, Christian and Gebhardt, Ralf Peter},
	year = {1999},
	month = {01},
	date = {1999-01},
	journal = {Psychiatric Services},
	pages = {85--90},
	volume = {50},
	number = {1},
	doi = {10.1176/ps.50.1.85},
	url = {http://dx.doi.org/10.1176/ps.50.1.85},
	langid = {en}
}

@article{Soliman2001,
	title = {Risk Factors and Correlates of Violence Among Acutely Ill Adult Psychiatric Inpatients},
	author = {Soliman, Alaa El-Din and Reza, Hashim},
	year = {2001},
	month = {01},
	date = {2001-01},
	journal = {Psychiatric Services},
	pages = {75--80},
	volume = {52},
	number = {1},
	doi = {10.1176/appi.ps.52.1.75},
	url = {http://dx.doi.org/10.1176/appi.ps.52.1.75},
	langid = {en}
}

@article{Ketelsen2007,
	title = {Characteristics of aggression in a German psychiatric hospital and predictors of patients at risk},
	author = {KETELSEN, R. and ZECHERT, C. and DRIESSEN, M. and SCHULZ, M.},
	year = {2007},
	month = {02},
	date = {2007-02},
	journal = {Journal of Psychiatric and Mental Health Nursing},
	volume = {14},
	number = {1},
	doi = {10.1111/j.1365-2850.2007.01049.x},
	url = {http://dx.doi.org/10.1111/j.1365-2850.2007.01049.x},
	langid = {en}
}

@article{wykes1998,
	title = {Prevalence and predictors of early traumatic stress reactions in assaulted psychiatric nurses},
	author = {Wykes, Til and Whittington, Richard},
	year = {1998},
	month = {12},
	date = {1998-12},
	journal = {The Journal of Forensic Psychiatry},
	pages = {643--658},
	volume = {9},
	number = {3},
	doi = {10.1080/09585189808405379},
	url = {http://dx.doi.org/10.1080/09585189808405379},
	langid = {en}
}

@article{ruback1986,
	title = {Perceived Control in Prison: Its Relation to Reported Crowding, Stress, and Symptoms1},
	author = {Ruback, R. Barry and Carr, Timothy S. and Hopper, Charles H.},
	year = {1986},
	month = {08},
	date = {1986-08},
	journal = {Journal of Applied Social Psychology},
	pages = {375--386},
	volume = {16},
	number = {5},
	doi = {10.1111/j.1559-1816.1986.tb01147.x},
	url = {http://dx.doi.org/10.1111/j.1559-1816.1986.tb01147.x},
	langid = {en}
}

@article{Bowers2009,
	title = {Identifying Key Factors Associated with Aggression on Acute Inpatient Psychiatric Wards},
	author = {Bowers, Len and Allan, Teresa and Simpson, Alan and Jones, Julia and Van Der Merwe, Marie and Jeffery, Debra},
	year = {2009},
	month = {01},
	date = {2009-01},
	journal = {Issues in Mental Health Nursing},
	pages = {260--271},
	volume = {30},
	number = {4},
	doi = {10.1080/01612840802710829},
	url = {http://dx.doi.org/10.1080/01612840802710829},
	langid = {en}
}

@article{Kindy2005,
	title = {Perilous Work: Nurses' Experiences in Psychiatric Units with High Risks of Assault},
	author = {Kindy, Deborah and Petersen, Salvatore and Parkhurst, David},
	year = {2005},
	month = {08},
	date = {2005-08},
	journal = {Archives of Psychiatric Nursing},
	pages = {169--175},
	volume = {19},
	number = {4},
	doi = {10.1016/j.apnu.2005.05.002},
	url = {http://dx.doi.org/10.1016/j.apnu.2005.05.002},
	langid = {en}
}

@article{Duxbury2005,
	title = {Causes and management of patient aggression and violence: staff and patient perspectives},
	author = {Duxbury, Joy and Whittington, Richard},
	year = {2005},
	month = {06},
	date = {2005-06},
	journal = {Journal of Advanced Nursing},
	pages = {469--478},
	volume = {50},
	number = {5},
	doi = {10.1111/j.1365-2648.2005.03426.x},
	url = {http://dx.doi.org/10.1111/j.1365-2648.2005.03426.x},
	langid = {en}
}

@article{Jonker2008,
	title = {Patient aggression in clinical psychiatry: perceptions of mental health nurses},
	author = {JONKER, E. J. and GOOSSENS, P. J. J. and STEENHUIS, I. H. M. and OUD, N. E.},
	year = {2008},
	month = {08},
	date = {2008-08},
	journal = {Journal of Psychiatric and Mental Health Nursing},
	pages = {492--499},
	volume = {15},
	number = {6},
	doi = {10.1111/j.1365-2850.2008.01261.x},
	url = {http://dx.doi.org/10.1111/j.1365-2850.2008.01261.x},
	langid = {en}
}

@article{Meehan2006,
	title = {Aggressive behaviour in the high-secure forensic setting: the perceptions of patients},
	author = {MEEHAN, T. and McINTOSH, W. and BERGEN, H.},
	year = {2006},
	month = {02},
	date = {2006-02},
	journal = {Journal of Psychiatric and Mental Health Nursing},
	pages = {19--25},
	volume = {13},
	number = {1},
	doi = {10.1111/j.1365-2850.2006.00906.x},
	url = {http://dx.doi.org/10.1111/j.1365-2850.2006.00906.x},
	langid = {en}
}

@article{Soininen2013,
	title = {Secluded and restrained patients' perceptions of their treatment},
	author = {Soininen, {Päivi} and {Välimäki}, Maritta and Noda, Toshie and Puukka, Pauli and Korkeila, Jyrki and Joffe, Grigori and Putkonen, Hanna},
	year = {2012},
	month = {09},
	date = {2012-09-25},
	journal = {International Journal of Mental Health Nursing},
	pages = {47--55},
	volume = {22},
	number = {1},
	doi = {10.1111/j.1447-0349.2012.00838.x},
	url = {http://dx.doi.org/10.1111/j.1447-0349.2012.00838.x},
	langid = {en}
}
