
@article{Bo2011,
	title = {Risk factors for violence among patients with schizophrenia},
	author = {Bo, Sune and Abu-Akel, Ahmad and Kongerslev, Mickey and Haahr, Ulrik Helt and Simonsen, Erik},
	year = {2011},
	month = {07},
	date = {2011-07},
	journal = {Clinical Psychology Review},
	pages = {711--726},
	volume = {31},
	number = {5},
	doi = {10.1016/j.cpr.2011.03.002},
	url = {http://dx.doi.org/10.1016/j.cpr.2011.03.002},
	langid = {en}
}

@article{Rampling2016,
	title = {Non-pharmacological interventions for reducing aggression and violence in serious mental illness: A systematic review and narrative synthesis},
	author = {Rampling, J and Furtado, V and Winsper, C and Marwaha, S and Lucca, G and Livanou, M and Singh, SP},
	year = {2016},
	date = {2016},
	journal = {European Psychiatry},
	pages = {17--28},
	volume = {34},
	doi = {10.1016/j.eurpsy.2016.01.2422},
	url = {http://dx.doi.org/10.1016/j.eurpsy.2016.01.2422},
	langid = {en}
}

@article{Putkonen2013,
	title = {Cluster-Randomized Controlled Trial of Reducing Seclusion and Restraint in Secured Care of Men With Schizophrenia},
	author = {Putkonen, Anu and Kuivalainen, Satu and Louheranta, Olavi and Repo-Tiihonen, Eila and {Ryynänen}, Olli-Pekka and Kautiainen, Hannu and Tiihonen, Jari},
	year = {2013},
	month = {09},
	date = {2013-09},
	journal = {Psychiatric Services},
	pages = {850--855},
	volume = {64},
	number = {9},
	doi = {10.1176/appi.ps.201200393},
	url = {http://dx.doi.org/10.1176/appi.ps.201200393},
	langid = {en}
}

@article{Garriga2016,
	title = {Assessment and management of agitation in psychiatry: Expert consensus},
	author = {Garriga, Marina and Pacchiarotti, Isabella and Kasper, Siegfried and Zeller, Scott L. and Allen, Michael H. and {Vázquez}, Gustavo and {Baldaçara}, Leonardo and San, Luis and McAllister-Williams, R. Hamish and Fountoulakis, Konstantinos N. and Courtet, Philippe and Naber, Dieter and Chan, Esther W. and Fagiolini, Andrea and {Möller}, {Hans Jürgen} and Grunze, Heinz and Llorca, Pierre Michel and Jaffe, Richard L. and Yatham, Lakshmi N. and Hidalgo-Mazzei, Diego and Passamar, Marc and Messer, Thomas and Bernardo, Miquel and Vieta, Eduard},
	year = {2016},
	month = {02},
	date = {2016-02-17},
	journal = {The World Journal of Biological Psychiatry},
	pages = {86--128},
	volume = {17},
	number = {2},
	doi = {10.3109/15622975.2015.1132007},
	url = {http://dx.doi.org/10.3109/15622975.2015.1132007},
	langid = {en}
}

@article{Bowers2013,
	title = {Identification of the {\textquotedblleft}Minimal Triangle{\textquotedblright} and Other Common Event-to-Event Transitions in Conflict and Containment Incidents},
	author = {Bowers, Len and James, Karen and Quirk, Alan and Wright, Steve and Williams, Hilary and Stewart, Duncan},
	year = {2013},
	month = {07},
	date = {2013-07-01},
	journal = {Issues in Mental Health Nursing},
	pages = {514--523},
	volume = {34},
	number = {7},
	doi = {10.3109/01612840.2013.780117},
	url = {http://dx.doi.org/10.3109/01612840.2013.780117},
	langid = {en}
}

@article{Price2012,
	title = {Key components of de-escalation techniques: A thematic synthesis},
	author = {Price, Owen and Baker, John},
	year = {2012},
	month = {02},
	date = {2012-02-16},
	journal = {International Journal of Mental Health Nursing},
	pages = {310--319},
	volume = {21},
	number = {4},
	doi = {10.1111/j.1447-0349.2011.00793.x},
	url = {http://dx.doi.org/10.1111/j.1447-0349.2011.00793.x},
	langid = {en}
}

@article{hughes2003,
	title = {Treating aggression in the psychiatric emergency service},
	author = {Hughes, Douglas H. and Kleespies, Phillip M.},
	year = {2003},
	date = {2003},
	journal = {The Journal of Clinical Psychiatry},
	pages = {10--15},
	volume = {64 Suppl 4},
	note = {PMID: 12672260},
	langid = {eng}
}

@article{Cooper1995,
	title = {Psychiatric Stress Debriefing: Alleviating the Impact of Patient Suicide and Assault},
	author = {Cooper, Cheryl},
	year = {1995},
	month = {05},
	date = {1995-05},
	journal = {Journal of Psychosocial Nursing and Mental Health Services},
	pages = {21--25},
	volume = {33},
	number = {5},
	doi = {10.3928/0279-3695-19950501-07},
	url = {http://dx.doi.org/10.3928/0279-3695-19950501-07},
	langid = {en}
}

@article{Asikainen2020,
	title = {Violence Factors and Debriefing in Psychiatric Inpatient Care: A Review},
	author = {Asikainen, Jaana and {Vehviläinen-Julkunen}, Katri and Repo-Tiihonen, Eila and Louheranta, Olavi},
	year = {2020},
	month = {05},
	date = {2020-05},
	journal = {Journal of Psychosocial Nursing and Mental Health Services},
	pages = {39--49},
	volume = {58},
	number = {5},
	doi = {10.3928/02793695-20200306-01},
	url = {http://dx.doi.org/10.3928/02793695-20200306-01},
	langid = {en}
}

@article{Uchino2012,
	title = {Psychoeducation may Reduce Self-Stigma of People with Schizophrenia and Schizoaffective Disorder},
	author = {UCHINO, TOSHIRO and MAEDA, MASAHARU and UCHIMURA, NAOHISA},
	year = {2012},
	date = {2012},
	journal = {The Kurume Medical Journal},
	pages = {25--31},
	volume = {59},
	number = {1.2},
	doi = {10.2739/kurumemedj.59.25},
	url = {http://dx.doi.org/10.2739/kurumemedj.59.25},
	langid = {en}
}

@article{Hornsveld2005,
	title = {Evaluation of a cognitive-behavioral program for chronically psychotic forensic inpatients},
	author = {Hornsveld, Ruud H.J. and Nijman, Henk L.I.},
	year = {2005},
	month = {05},
	date = {2005-05},
	journal = {International Journal of Law and Psychiatry},
	pages = {246--254},
	volume = {28},
	number = {3},
	doi = {10.1016/j.ijlp.2004.09.004},
	url = {http://dx.doi.org/10.1016/j.ijlp.2004.09.004},
	langid = {en}
}

@article{yates2005,
	title = {A cognitive, behaviorally based program for patients with persistent mental illness and a history of aggression, crime, or both: structure and correlates of completers of the program},
	author = {Yates, Kathy and Kunz, Michal and Czobor, Pal and Rabinowitz, Steve and Lindenmayer, Jean-Pierre and Volavka, Jan},
	year = {2005},
	date = {2005},
	journal = {The Journal of the American Academy of Psychiatry and the Law},
	pages = {214--222},
	volume = {33},
	number = {2},
	note = {PMID: 15985665},
	langid = {eng}
}

@article{Haddock2009,
	title = {Cognitive{\textendash}behavioural therapy {\emph{v}}. social activity therapy for people with psychosis and a history of violence: randomised controlled trial},
	author = {Haddock, Gillian and Barrowclough, Christine and Shaw, Jennifer J. and Dunn, Graham and Novaco, Raymond W. and Tarrier, Nicholas},
	year = {2009},
	month = {02},
	date = {2009-02},
	journal = {British Journal of Psychiatry},
	pages = {152--157},
	volume = {194},
	number = {2},
	doi = {10.1192/bjp.bp.107.039859},
	url = {http://dx.doi.org/10.1192/bjp.bp.107.039859},
	langid = {en}
}

@article{Kuokkanen2014,
	title = {Metacognitive group training for forensic and dangerous non-forensic patients with schizophrenia: A randomised controlled feasibility trial},
	author = {Kuokkanen, Riitta and Lappalainen, Raimo and Repo-Tiihonen, Eila and Tiihonen, Jari},
	year = {2014},
	month = {03},
	date = {2014-03-11},
	journal = {Criminal Behaviour and Mental Health},
	pages = {345--357},
	volume = {24},
	number = {5},
	doi = {10.1002/cbm.1905},
	url = {http://dx.doi.org/10.1002/cbm.1905},
	langid = {en}
}

@article{capobianco2021,
	title = {A Brief History of Metacognitive Therapy: From Cognitive Science to Clinical Practice},
	author = {Capobianco, Lora and Nordahl, Henrik},
	year = {2021},
	month = {12},
	date = {2021-12},
	journal = {Cognitive and Behavioral Practice},
	doi = {10.1016/j.cbpra.2021.11.002},
	url = {http://dx.doi.org/10.1016/j.cbpra.2021.11.002},
	langid = {en}
}

@article{Cullen2012,
	title = {A multisite randomized trial of a cognitive skills program for male mentally disordered offenders: Violence and antisocial behavior outcomes.},
	author = {Cullen, Alexis E. and Clarke, Amory Y. and Kuipers, Elizabeth and Hodgins, Sheilagh and Dean, Kimberlie and Fahy, Tom},
	year = {2012},
	date = {2012},
	journal = {Journal of Consulting and Clinical Psychology},
	pages = {1114--1120},
	volume = {80},
	number = {6},
	doi = {10.1037/a0030291},
	url = {http://dx.doi.org/10.1037/a0030291},
	langid = {en}
}

@article{tapp2009,
	title = {An evaluation of the Enhanced Thinking Skills (ETS) programme with mentally disordered offenders in a high security hospital},
	author = {Tapp, James and Fellowes, Emma and Wallis, Nicola and Blud, Linda and Moore, Estelle},
	year = {2009},
	month = {09},
	date = {2009-09},
	journal = {Legal and Criminological Psychology},
	pages = {201--212},
	volume = {14},
	number = {2},
	doi = {10.1348/135532508x336178},
	url = {http://dx.doi.org/10.1348/135532508X336178},
	langid = {en}
}

@article{hornsveld2008,
	title = {Aggression Control Therapy for violent forensic psychiatric patients: First results},
	author = {Hornsveld, Ruud H. J. and Nijman, Henk L. I. and Kraaimaat, Floor W.},
	year = {2008},
	month = {01},
	date = {2008-01},
	journal = {Psychology, Crime & Law},
	pages = {1--18},
	volume = {14},
	number = {1},
	doi = {10.1080/10683160701340569},
	url = {http://dx.doi.org/10.1080/10683160701340569},
	langid = {en}
}

@article{Wilson2013,
	title = {Evaluation of anger management groups in a high-security hospital},
	author = {Wilson, Claire and Gandolfi, Stacy and Dudley, Alison and Thomas, Brian and Tapp, James and Moore, Estelle},
	year = {2013},
	month = {07},
	date = {2013-07-23},
	journal = {Criminal Behaviour and Mental Health},
	pages = {356--371},
	volume = {23},
	number = {5},
	doi = {10.1002/cbm.1873},
	url = {http://dx.doi.org/10.1002/cbm.1873},
	langid = {en}
}

@article{Quinn2017,
	title = {From Clozapine to Cognitive Remediation},
	author = {Quinn, Jason and Kolla, Nathan J.},
	year = {2016},
	month = {07},
	date = {2016-07-10},
	journal = {The Canadian Journal of Psychiatry},
	pages = {94--101},
	volume = {62},
	number = {2},
	doi = {10.1177/0706743716656830},
	url = {http://dx.doi.org/10.1177/0706743716656830},
	langid = {en}
}

@article{Buckley2011,
	title = {Psychopharmacology of Aggression in Schizophrenia},
	author = {Buckley, P. and Citrome, L. and Nichita, C. and Vitacco, M.},
	year = {2011},
	month = {08},
	date = {2011-08-22},
	journal = {Schizophrenia Bulletin},
	pages = {930--936},
	volume = {37},
	number = {5},
	doi = {10.1093/schbul/sbr104},
	url = {http://dx.doi.org/10.1093/schbul/sbr104},
	langid = {en}
}

@article{Bak2019,
	title = {The pharmacological management of agitated and aggressive behaviour: A systematic review and meta-analysis},
	author = {Bak, Maarten and Weltens, Irene and Bervoets, Chris and De Fruyt, {Jürgen} and Samochowiec, Jerzy and Fiorillo, Andrea and Sampogna, Gaia and Bienkowski, Przemyslaw and Preuss, W. Ulrich and Misiak, Blazej and Frydecka, Dorota and Samochowiec, Agnieszka and Bak, Emma and Drukker, Marjan and Dom, Geert},
	year = {2019},
	month = {01},
	date = {2019-01-15},
	journal = {European Psychiatry},
	pages = {78--100},
	volume = {57},
	doi = {10.1016/j.eurpsy.2019.01.014},
	url = {http://dx.doi.org/10.1016/j.eurpsy.2019.01.014},
	langid = {en}
}

@article{Citrome2014,
	title = {The psychopharmacology of violence: making sensible decisions},
	author = {Citrome, Leslie and Volavka, Jan},
	year = {2014},
	month = {02},
	date = {2014-02-26},
	journal = {CNS Spectrums},
	pages = {411--418},
	volume = {19},
	number = {5},
	doi = {10.1017/s1092852914000054},
	url = {http://dx.doi.org/10.1017/S1092852914000054},
	langid = {en}
}

@article{Nordstrom2013,
	title = {Alternative Delivery Systems for Agents to Treat Acute Agitation: Progress to Date},
	author = {Nordstrom, Kimberly and Allen, Michael H.},
	year = {2013},
	month = {10},
	date = {2013-10-23},
	journal = {Drugs},
	pages = {1783--1792},
	volume = {73},
	number = {16},
	doi = {10.1007/s40265-013-0130-3},
	url = {http://dx.doi.org/10.1007/s40265-013-0130-3},
	langid = {en}
}

@article{Riddell2017,
	title = {Ketamine as a first-line treatment for severely agitated emergency department patients},
	author = {Riddell, Jeff and Tran, Alexander and Bengiamin, Rimon and Hendey, Gregory W. and Armenian, Patil},
	year = {2017},
	month = {07},
	date = {2017-07},
	journal = {The American Journal of Emergency Medicine},
	pages = {1000--1004},
	volume = {35},
	number = {7},
	doi = {10.1016/j.ajem.2017.02.026},
	url = {http://dx.doi.org/10.1016/j.ajem.2017.02.026},
	langid = {en}
}

@article{lin2021,
	title = {Efficacy of ketamine for initial control of acute agitation in the emergency department: A randomized study},
	author = {Lin, Justin and Figuerado, Yelena and Montgomery, Adrienne and Lee, Jonathan and Cannis, Mark and Norton, Valerie C. and Calvo, Richard and Sikand, Harminder},
	year = {2021},
	month = {06},
	date = {2021-06},
	journal = {The American Journal of Emergency Medicine},
	pages = {306--311},
	volume = {44},
	doi = {10.1016/j.ajem.2020.04.013},
	url = {http://dx.doi.org/10.1016/j.ajem.2020.04.013},
	langid = {en}
}

@article{Zun2018,
	title = {Evidence-Based Review of Pharmacotherapy for Acute Agitation. Part 1: Onset of Efficacy},
	author = {Zun, Leslie S.},
	year = {2018},
	month = {03},
	date = {2018-03},
	journal = {The Journal of Emergency Medicine},
	pages = {364--374},
	volume = {54},
	number = {3},
	doi = {10.1016/j.jemermed.2017.10.011},
	url = {http://dx.doi.org/10.1016/j.jemermed.2017.10.011},
	langid = {en}
}

@article{Citrome2011,
	title = {Pharmacological Management of Acute and Persistent Aggression in Forensic Psychiatry Settings},
	author = {Citrome, Leslie and Volavka, Jan},
	year = {2011},
	month = {12},
	date = {2011-12},
	journal = {CNS Drugs},
	pages = {1009--1021},
	volume = {25},
	number = {12},
	doi = {10.2165/11596930-000000000-00000},
	url = {http://dx.doi.org/10.2165/11596930-000000000-00000},
	langid = {en}
}

@article{Korczak2016,
	title = {Chemical agents for the sedation of agitated patients in the ED: a systematic review},
	author = {Korczak, Viola and Kirby, Adrienne and Gunja, Naren},
	year = {2016},
	month = {12},
	date = {2016-12},
	journal = {The American Journal of Emergency Medicine},
	pages = {2426--2431},
	volume = {34},
	number = {12},
	doi = {10.1016/j.ajem.2016.09.025},
	url = {http://dx.doi.org/10.1016/j.ajem.2016.09.025},
	langid = {en}
}

@article{Rosell2015,
	title = {The neurobiology of aggression and violence},
	author = {Rosell, Daniel R. and Siever, Larry J.},
	year = {2015},
	month = {05},
	date = {2015-05-04},
	journal = {CNS Spectrums},
	pages = {254--279},
	volume = {20},
	number = {3},
	doi = {10.1017/s109285291500019x},
	url = {http://dx.doi.org/10.1017/S109285291500019X},
	langid = {en}
}

@article{Soliman2001,
	title = {Risk Factors and Correlates of Violence Among Acutely Ill Adult Psychiatric Inpatients},
	author = {Soliman, Alaa El-Din and Reza, Hashim},
	year = {2001},
	month = {01},
	date = {2001-01},
	journal = {Psychiatric Services},
	pages = {75--80},
	volume = {52},
	number = {1},
	doi = {10.1176/appi.ps.52.1.75},
	url = {http://dx.doi.org/10.1176/appi.ps.52.1.75},
	langid = {en}
}

@article{Swanson2004,
	title = {Effectiveness of Atypical Antipsychotic Medications in Reducing Violent Behavior Among Persons With Schizophrenia in Community-Based Treatment},
	author = {Swanson, J. W. and Swartz, M. S. and Elbogen, E. B.},
	year = {2004},
	month = {01},
	date = {2004-01-01},
	journal = {Schizophrenia Bulletin},
	pages = {3--20},
	volume = {30},
	number = {1},
	doi = {10.1093/oxfordjournals.schbul.a007065},
	url = {http://dx.doi.org/10.1093/oxfordjournals.schbul.a007065},
	langid = {en}
}

@article{Strassnig2020,
	title = {Pharmacological treatment of violence in schizophrenia},
	author = {Strassnig, Martin T. and Nascimento, Vanessa and Deckler, Elizabeth and Harvey, Philip D.},
	year = {2019},
	month = {07},
	date = {2019-07-25},
	journal = {CNS Spectrums},
	pages = {207--215},
	volume = {25},
	number = {2},
	doi = {10.1017/s1092852919001226},
	url = {http://dx.doi.org/10.1017/S1092852919001226},
	langid = {en}
}

@article{Citrome2001,
	title = {Effects of Clozapine, Olanzapine, Risperidone, and Haloperidol on Hostility Among Patients With Schizophrenia},
	author = {Citrome, Leslie and Volavka, Jan and Czobor, Pal and Sheitman, Brian and Lindenmayer, Jean-Pierre and McEvoy, Joseph and Cooper, Thomas B. and Chakos, Miranda and Lieberman, Jeffrey A.},
	year = {2001},
	month = {11},
	date = {2001-11},
	journal = {Psychiatric Services},
	pages = {1510--1514},
	volume = {52},
	number = {11},
	doi = {10.1176/appi.ps.52.11.1510},
	url = {http://dx.doi.org/10.1176/appi.ps.52.11.1510},
	langid = {en}
}

@article{Volavka2004,
	title = {Overt Aggression and Psychotic Symptoms in Patients With Schizophrenia Treated With Clozapine, Olanzapine, Risperidone, or Haloperidol},
	author = {Volavka, Jan and Czobor, Pal and Nolan, Karen and Sheitman, Brian and Lindenmayer, Jean-Pierre and Citrome, Leslie and McEvoy, Joseph P. and Cooper, Thomas B. and Lieberman, Jeffrey A.},
	year = {2004},
	month = {04},
	date = {2004-04},
	journal = {Journal of Clinical Psychopharmacology},
	pages = {225--228},
	volume = {24},
	number = {2},
	doi = {10.1097/01.jcp.0000117424.05703.29},
	url = {http://dx.doi.org/10.1097/01.jcp.0000117424.05703.29},
	langid = {en}
}

@article{Faay2018,
	title = {Efficacy of typical and atypical antipsychotic medication on hostility in patients with psychosis-spectrum disorders: a review and meta-analysis},
	author = {Faay, Margo D. M. and Czobor, {Pál} and Sommer, Iris E. C.},
	year = {2018},
	month = {07},
	date = {2018-07-23},
	journal = {Neuropsychopharmacology},
	pages = {2340--2349},
	volume = {43},
	number = {12},
	doi = {10.1038/s41386-018-0161-2},
	url = {http://dx.doi.org/10.1038/s41386-018-0161-2},
	langid = {en}
}

@article{Bitter2005,
	title = {Effectiveness of clozapine, olanzapine, quetiapine, risperidone, and haloperidol monotherapy in reducing hostile and aggressive behavior in outpatients treated for schizophrenia: a prospective naturalistic study (IC-SOHO)},
	author = {Bitter, Istvan and Czobor, Pal and Dossenbach, Martin and Volavka, Jan},
	year = {2005},
	month = {08},
	date = {2005-08},
	journal = {European Psychiatry},
	pages = {403--408},
	volume = {20},
	number = {5-6},
	doi = {10.1016/j.eurpsy.2005.01.009},
	url = {http://dx.doi.org/10.1016/j.eurpsy.2005.01.009},
	langid = {en}
}

@article{Strous2006,
	title = {Comparison between risperidone, olanzapine, and clozapine in the management of chronic schizophrenia: a naturalistic prospective 12-week observational study},
	author = {Strous, Rael D. and Kupchik, Marina and Roitman, Suzana and Schwartz, Sima and Gonen, Noach and Mester, Roberto and Weizman, Abraham and Spivak, Baruch},
	year = {2006},
	date = {2006},
	journal = {Human Psychopharmacology: Clinical and Experimental},
	pages = {235--243},
	volume = {21},
	number = {4},
	doi = {10.1002/hup.764},
	url = {http://dx.doi.org/10.1002/hup.764},
	langid = {en}
}

@article{Allen2005,
	title = {Introduction: Methods, Commentary, and Summary},
	author = {ALLEN, MICHAEL H. and CURRIER, GLENN W. and CARPENTER, DANIEL and ROSS, RUTH W. and DOCHERTY, JOHN P.},
	year = {2005},
	month = {11},
	date = {2005-11},
	journal = {Journal of Psychiatric Practice},
	pages = {5--25},
	volume = {11},
	doi = {10.1097/00131746-200511001-00002},
	url = {http://dx.doi.org/10.1097/00131746-200511001-00002},
	langid = {en}
}

@article{Witt2013,
	title = {Risk Factors for Violence in Psychosis: Systematic Review and Meta-Regression Analysis of 110 Studies},
	author = {Witt, Katrina and van Dorn, Richard and Fazel, Seena},
	editor = {Zhang, Xiang Yang},
	year = {2013},
	month = {02},
	date = {2013-02-13},
	journal = {PLoS ONE},
	pages = {e55942},
	volume = {8},
	number = {2},
	doi = {10.1371/journal.pone.0055942},
	url = {http://dx.doi.org/10.1371/journal.pone.0055942},
	langid = {en}
}

@article{Ascher-Svanum2006,
	title = {Medication Adherence and Long-Term Functional Outcomes in the Treatment of Schizophrenia in Usual Care},
	author = {Ascher-Svanum, Haya and Faries, Douglas E. and Zhu, Baojin and Ernst, Frank R. and Swartz, Marvin S. and Swanson, Jeff W.},
	year = {2006},
	month = {03},
	date = {2006-03-15},
	journal = {The Journal of Clinical Psychiatry},
	pages = {453--460},
	volume = {67},
	number = {03},
	doi = {10.4088/jcp.v67n0317},
	url = {http://dx.doi.org/10.4088/jcp.v67n0317}
}

@article{Fazel2014,
	title = {Antipsychotics, mood stabilisers, and risk of violent crime},
	author = {Fazel, Seena and Zetterqvist, Johan and Larsson, Henrik and {Långström}, Niklas and Lichtenstein, Paul},
	year = {2014},
	month = {09},
	date = {2014-09},
	journal = {The Lancet},
	pages = {1206--1214},
	volume = {384},
	number = {9949},
	doi = {10.1016/s0140-6736(14)60379-2},
	url = {http://dx.doi.org/10.1016/S0140-6736(14)60379-2},
	langid = {en}
}

@article{gibbon2011,
	title = {Risperidone Long{-}acting Injection (RLAI) {\textendash} real world outcomes from the United Kingdom high{-}secure hospitals},
	author = {Gibbon, Simon and Silva, Edward and Kaler, Rupinder and Qurashi, Inti and Das, Mrigendra and Patrick, Jon and Gahir, Manjit and Gray, Douglas and Ramachandran, Lakshmanan and Maden, Anthony},
	year = {2011},
	month = {11},
	date = {2011-11-16},
	journal = {The British Journal of Forensic Practice},
	pages = {264--269},
	volume = {13},
	number = {4},
	doi = {10.1108/14636641111190024},
	url = {http://dx.doi.org/10.1108/14636641111190024},
	langid = {en}
}

@article{Citrome2016,
	title = {Effect of aripiprazole lauroxil on agitation and hostility in patients with schizophrenia},
	author = {Citrome, Leslie and Du, Yangchun and Risinger, Robert and Stankovic, Srdjan and Claxton, Amy and Zummo, Jacqueline and Bose, Anjana and Silverman, Bernard L. and Ehrich, Elliot W.},
	year = {2016},
	month = {03},
	date = {2016-03},
	journal = {International Clinical Psychopharmacology},
	pages = {69--75},
	volume = {31},
	number = {2},
	doi = {10.1097/yic.0000000000000106},
	url = {http://dx.doi.org/10.1097/YIC.0000000000000106},
	langid = {en}
}

@article{stanford2009,
	title = {Pharmacologic treatment of impulsive aggression with antiepileptic drugs},
	author = {Stanford, Matthew S. and Anderson, Nathaniel E. and Lake, Sarah L. and Baldridge, Robyn M.},
	year = {2009},
	month = {08},
	date = {2009-08-11},
	journal = {Current Treatment Options in Neurology},
	pages = {383--390},
	volume = {11},
	number = {5},
	doi = {10.1007/s11940-009-0043-3},
	url = {http://dx.doi.org/10.1007/s11940-009-0043-3},
	langid = {en}
}

@article{Casey2003,
	title = {Effect of Divalproex Combined with Olanzapine or Risperidone in Patients with an Acute Exacerbation of Schizophrenia},
	author = {Casey, Daniel E and Daniel, David G and Wassef, Adel A and Tracy, Katherine A and Wozniak, Patricia and Sommerville, Kenneth W},
	year = {2003},
	month = {01},
	date = {2003-01},
	journal = {Neuropsychopharmacology},
	pages = {182--192},
	volume = {28},
	number = {1},
	doi = {10.1038/sj.npp.1300023},
	url = {http://dx.doi.org/10.1038/sj.npp.1300023},
	langid = {en}
}

@article{Citrome2004,
	title = {Adjunctive Divalproex and Hostility Among Patients With Schizophrenia Receiving Olanzapine or Risperidone},
	author = {Citrome, Leslie and Casey, Daniel E. and Daniel, David G. and Wozniak, Patricia and Kochan, Lisa D. and Tracy, Katherine A.},
	year = {2004},
	month = {03},
	date = {2004-03},
	journal = {Psychiatric Services},
	pages = {290--294},
	volume = {55},
	number = {3},
	doi = {10.1176/appi.ps.55.3.290},
	url = {http://dx.doi.org/10.1176/appi.ps.55.3.290},
	langid = {en}
}

@article{Leucht2002,
	title = {Carbamazepine Augmentation for Schizophrenia},
	author = {Leucht, Stefan and McGrath, John and White, Paul and Kissling, Werner},
	year = {2002},
	month = {03},
	date = {2002-03-15},
	journal = {The Journal of Clinical Psychiatry},
	pages = {218--224},
	volume = {63},
	number = {3},
	doi = {10.4088/jcp.v63n0308},
	url = {http://dx.doi.org/10.4088/jcp.v63n0308}
}

@article{pavlovic2008,
	title = {Augmentation of Clozapine's Antiagressive Properties With Lamotrigine in a Patient With Chronic Disorganized Schizophrenia},
	author = {Pavlovic, Zoran M.},
	year = {2008},
	month = {02},
	date = {2008-02},
	journal = {Journal of Clinical Psychopharmacology},
	pages = {119--120},
	volume = {28},
	number = {1},
	doi = {10.1097/jcp.0b013e3181603f48},
	url = {http://dx.doi.org/10.1097/jcp.0b013e3181603f48},
	langid = {en}
}

@article{Simopoulos1974,
	title = {Diphenylhydantoin Effectiveness in the Treatment of Chronic Schizophrenics},
	author = {Simopoulos, Aris M.},
	year = {1974},
	month = {01},
	date = {1974-01-01},
	journal = {Archives of General Psychiatry},
	pages = {106},
	volume = {30},
	number = {1},
	doi = {10.1001/archpsyc.1974.01760070084013},
	url = {http://dx.doi.org/10.1001/archpsyc.1974.01760070084013},
	langid = {en}
}

@article{Collins1991,
	title = {Lithium carbonate in chronic schizophrenia ? a brief trial of lithium carbonate added to neuroleptics for treatment of resistant schizophrenic patients},
	author = {Collins, P. J. and Larkin, E. P. and Shubsachs, A. P. W.},
	year = {1991},
	month = {08},
	date = {1991-08},
	journal = {Acta Psychiatrica Scandinavica},
	pages = {150--154},
	volume = {84},
	number = {2},
	doi = {10.1111/j.1600-0447.1991.tb03119.x},
	url = {http://dx.doi.org/10.1111/j.1600-0447.1991.tb03119.x},
	langid = {en}
}

@article{Pugh1983,
	title = {Propranolol in Schizophrenia: A Double Blind, Placebo Controlled Trial of Propranolol as an Adjunct to Neuroleptic Medication},
	author = {Pugh, C. R. and Steinert, J. and Priest, R. G.},
	year = {1983},
	month = {08},
	date = {1983-08},
	journal = {British Journal of Psychiatry},
	pages = {151--155},
	volume = {143},
	number = {2},
	doi = {10.1192/bjp.143.2.151},
	url = {http://dx.doi.org/10.1192/bjp.143.2.151},
	langid = {en}
}

@article{Bozikas2003,
	title = {Antiaggressive Action of Combined Risperidone and Quetiapine in a Patient with Schizophrenia},
	author = {Bozikas, Vasilis P and Deseri, Charoula and Pitsavas, Stergios and Karavatos, Athanasios},
	year = {2003},
	month = {07},
	date = {2003-07},
	journal = {The Canadian Journal of Psychiatry},
	pages = {426--427},
	volume = {48},
	number = {6},
	doi = {10.1177/070674370304800617},
	url = {http://dx.doi.org/10.1177/070674370304800617},
	langid = {en}
}

@article{maoz2000,
	title = {The Antiaggressive Action of Combined Haloperidol-Propranolol Treatment in Schizophrenia},
	author = {Maoz, Gadi and Stein, Daniel and Meged, Sorin and Kurzman, Larisa and Levine, Joseph and Valevski, Avi and Aviv, Alex and Sirota, Pinhas and Kraus, Ruth and Weizman, Avi and Berger, Barry D.},
	year = {2000},
	month = {12},
	date = {2000-12},
	journal = {European Psychologist},
	pages = {312--325},
	volume = {5},
	number = {4},
	doi = {10.1027//1016-9040.5.4.312},
	url = {https://econtent.hogrefe.com/doi/10.1027//1016-9040.5.4.312},
	langid = {en}
}

@article{Caspi2001,
	title = {Pindolol augmentation in aggressive schizophrenic patients: a double-blind crossover randomized study},
	author = {Caspi, N. and Modai, I. and Barak, P. and Waisbourd, A. and Zbarsky, H. and Hirschmann, S. and Ritsner, M.},
	year = {2001},
	month = {03},
	date = {2001-03},
	journal = {International Clinical Psychopharmacology},
	pages = {111--115},
	volume = {16},
	number = {2},
	doi = {10.1097/00004850-200103000-00006},
	url = {http://dx.doi.org/10.1097/00004850-200103000-00006},
	langid = {en}
}

@article{Stanford2001,
	title = {A double-blind placebo-controlled crossover study of phenytoin in individuals with impulsive aggression},
	author = {Stanford, Matthew S and Houston, Rebecca J and Mathias, Charles W and Greve, Kevin W and Villemarette-Pittman, Nicole R and Adams, Donald},
	year = {2001},
	month = {09},
	date = {2001-09},
	journal = {Psychiatry Research},
	pages = {193--203},
	volume = {103},
	number = {2-3},
	doi = {10.1016/s0165-1781(01)00287-6},
	url = {http://dx.doi.org/10.1016/s0165-1781(01)00287-6},
	langid = {en}
}

@article{Coccaro1997,
	title = {Fluoxetine and Impulsive Aggressive Behavior in Personality-Disordered Subjects},
	author = {Coccaro, Emil F.},
	year = {1997},
	month = {12},
	date = {1997-12-01},
	journal = {Archives of General Psychiatry},
	pages = {1081},
	volume = {54},
	number = {12},
	doi = {10.1001/archpsyc.1997.01830240035005},
	url = {http://dx.doi.org/10.1001/archpsyc.1997.01830240035005},
	langid = {en}
}

@article{McDougle1996,
	title = {A Double-blind, Placebo-Controlled Study of Fluvoxamine in Adults With Autistic Disorder},
	author = {McDougle, Christopher J.},
	year = {1996},
	month = {11},
	date = {1996-11-01},
	journal = {Archives of General Psychiatry},
	pages = {1001},
	volume = {53},
	number = {11},
	doi = {10.1001/archpsyc.1996.01830110037005},
	url = {http://dx.doi.org/10.1001/archpsyc.1996.01830110037005},
	langid = {en}
}

@article{herrmann1993,
	title = {Buspirone in the Management of Agitation and Aggression Associated With Dementia},
	author = {Herrmann, Nathan and Eryavec, Goran},
	year = {1993},
	month = {06},
	date = {1993-06},
	journal = {The American Journal of Geriatric Psychiatry},
	pages = {249--253},
	volume = {1},
	number = {3},
	doi = {10.1097/00019442-199300130-00010},
	url = {http://dx.doi.org/10.1097/00019442-199300130-00010},
	langid = {en}
}


@article{hong2001,
	title = {외래치료명령제-정신질환자의 재활을 돕는 제도},
	volume = {6},
	issn = {1229-8166},
	url = {https://kmbase.medric.or.kr/Main.aspx?menu=01&d=KMBASE&m=VIEW&i=0897520010060010058},
	abstract = {의과학연구정보센터},
	language = {KOR},
	number = {1},
	urldate = {2022-09-30},
	journal = {사회정신의학},
	author = {홍진표 and 이동은 and 김병후 and 최용성 and 서동우 and 김진학 and 박종익 and 정은기},
	year = {2001},
	note = {Publisher: 대한사회정신의학회},
	pages = {58--64},
	file = {Snapshot:/Users/anselm/Zotero/storage/JMAG8243/Main.html:text/html},
}


@article{hongjinpyo2001,
	title = {외래치료명령제-정신질환자의 재활을 돕는 제도},
	author = {{홍진표},  and {이동은},  and {김병후},  and {최용성},  and {서동우},  and {김진학},  and {박종익},  and {정은기}, },
	year = {2001},
	date = {2001},
	journal = {사회정신의학},
	pages = {58--64},
	volume = {6},
	number = {1},
	url = {https://kmbase.medric.or.kr/Main.aspx?menu=01&d=KMBASE&m=VIEW&i=0897520010060010058},
	note = {Publisher: 대한사회정신의학회},
	langid = {KOR}
}

@article{park2018,
	title = {Assisted Outpatient Treatment and Crisis Intervention in USA and their Implications for Korea},
	author = {Park, Inhwan and Han, Mikyung},
	year = {2018},
	date = {2018},
	journal = {THE KOREAN SOCIETY OF LAW AND MEDICINE},
	pages = {23--80},
	volume = {19},
	number = {1},
	doi = {10.29291/kslm.2018.19.1.023},
	url = {https://www.kci.go.kr/kciportal/ci/sereArticleSearch/ciSereArtiView.kci?sereArticleSearchBean.artiId=ART002365270},
	note = {Publisher: The Korean Society Of Law And Medicine},
	langid = {kr}
}

@article{Geller2006,
	title = {The evolution of outpatient commitment in the USA: From conundrum to quagmire},
	author = {Geller, Jeffrey L.},
	year = {2006},
	month = {05},
	date = {2006-05},
	journal = {International Journal of Law and Psychiatry},
	pages = {234--248},
	volume = {29},
	number = {3},
	doi = {10.1016/j.ijlp.2005.09.003},
	url = {http://dx.doi.org/10.1016/j.ijlp.2005.09.003},
	langid = {en}
}

@article{Rugkåsa2016,
	title = {Effectiveness of Community Treatment Orders: The International Evidence},
	author = {{Rugkåsa}, Jorun},
	year = {2016},
	month = {01},
	date = {2016-01},
	journal = {The Canadian Journal of Psychiatry},
	pages = {15--24},
	volume = {61},
	number = {1},
	doi = {10.1177/0706743715620415},
	url = {http://dx.doi.org/10.1177/0706743715620415},
	langid = {en}
}

@article{Kisely2017,
	title = {Compulsory community and involuntary outpatient treatment for people with severe mental disorders},
	author = {Kisely, Steve R and Campbell, Leslie A and {O'Reilly}, Richard},
	editor = {, },
	year = {2017},
	month = {03},
	date = {2017-03-17},
	journal = {Cochrane Database of Systematic Reviews},
	volume = {2017},
	number = {6},
	doi = {10.1002/14651858.cd004408.pub5},
	url = {http://dx.doi.org/10.1002/14651858.CD004408.pub5},
	langid = {en}
}

@article{Kisely2015,
	title = {Compulsory Community and Involuntary Outpatient Treatment for People With Severe Mental Disorders},
	author = {Kisely, S. R. and Campbell, L. A.},
	year = {2015},
	month = {03},
	date = {2015-03-12},
	journal = {Schizophrenia Bulletin},
	pages = {542--543},
	volume = {41},
	number = {3},
	doi = {10.1093/schbul/sbv021},
	url = {http://dx.doi.org/10.1093/schbul/sbv021},
	langid = {en}
}

@article{Maughan2014,
	title = {A systematic review of the effect of community treatment orders on service use},
	author = {Maughan, Daniel and Molodynski, Andrew and {Rugkåsa}, Jorun and Burns, Tom},
	year = {2013},
	month = {10},
	date = {2013-10-18},
	journal = {Social Psychiatry and Psychiatric Epidemiology},
	pages = {651--663},
	volume = {49},
	number = {4},
	doi = {10.1007/s00127-013-0781-0},
	url = {http://dx.doi.org/10.1007/s00127-013-0781-0},
	langid = {en}
}

@article{Swanson2000,
	title = {Involuntary out-patient commitment and reduction of violent behaviour in persons with severe mental illness},
	author = {Swanson, Jeffrey W. and Swartz, Marvin S. and Wagner, H. Ryan and Burns, Barbara J. and Borum, Randy and Hiday, Virginia A.},
	year = {2000},
	month = {04},
	date = {2000-04},
	journal = {British Journal of Psychiatry},
	pages = {324--331},
	volume = {176},
	number = {4},
	doi = {10.1192/bjp.176.4.324},
	url = {http://dx.doi.org/10.1192/bjp.176.4.324},
	langid = {en}
}

@article{Kisely2005,
	title = {Compulsory community and involuntary outpatient treatment for people with severe mental disorders},
	author = {Kisely, Steve R and Campbell, Leslie Anne and Preston, Neil J},
	editor = {Kisely, Steve R},
	year = {2005},
	month = {07},
	date = {2005-07-20},
	doi = {10.1002/14651858.cd004408.pub2},
	url = {http://dx.doi.org/10.1002/14651858.CD004408.pub2}
}

@article{Romans2004,
	title = {How Mental Health Clinicians View Community Treatment Orders: A National New Zealand Survey},
	author = {Romans, Sarah and Dawson, John and Mullen, Richard and Gibbs, Anita},
	year = {2004},
	month = {10},
	date = {2004-10},
	journal = {Australian & New Zealand Journal of Psychiatry},
	pages = {836--841},
	volume = {38},
	number = {10},
	doi = {10.1080/j.1440-1614.2004.01470.x},
	url = {http://dx.doi.org/10.1080/j.1440-1614.2004.01470.x},
	langid = {en}
}

@article{Corring2017,
	title = {A systematic review of the views and experiences of subjects of community treatment orders},
	author = {Corring, Deborah and {O'Reilly}, Richard and Sommerdyk, Christina},
	year = {2017},
	month = {05},
	date = {2017-05},
	journal = {International Journal of Law and Psychiatry},
	pages = {74--80},
	volume = {52},
	doi = {10.1016/j.ijlp.2017.03.002},
	url = {http://dx.doi.org/10.1016/j.ijlp.2017.03.002},
	langid = {en}
}

@article{Canvin2014,
	title = {Patient, psychiatrist and family carer experiences of community treatment orders: qualitative study},
	author = {Canvin, Krysia and {Rugkåsa}, Jorun and Sinclair, Julia and Burns, Tom},
	year = {2014},
	month = {06},
	date = {2014-06-14},
	journal = {Social Psychiatry and Psychiatric Epidemiology},
	pages = {1873--1882},
	volume = {49},
	number = {12},
	doi = {10.1007/s00127-014-0906-0},
	url = {http://dx.doi.org/10.1007/s00127-014-0906-0},
	langid = {en}
}

@article{Stensrud2015,
	title = {{\textquotedblleft}Life on Hold{\textquotedblright}: A Qualitative Study of Patient Experiences with Outpatient Commitment in Two Norwegian Counties},
	author = {Stensrud, {Bjørn} and {Høyer}, Georg and Granerud, Arild and Landheim, Anne Signe},
	year = {2015},
	month = {03},
	date = {2015-03-04},
	journal = {Issues in Mental Health Nursing},
	pages = {209--216},
	volume = {36},
	number = {3},
	doi = {10.3109/01612840.2014.955933},
	url = {http://dx.doi.org/10.3109/01612840.2014.955933},
	langid = {en}
}

@article{OReilly2004,
	title = {Why are Community Treatment Orders Controversial?},
	author = {{O'Reilly}, Richard},
	year = {2004},
	month = {09},
	date = {2004-09},
	journal = {The Canadian Journal of Psychiatry},
	pages = {579--584},
	volume = {49},
	number = {9},
	doi = {10.1177/070674370404900902},
	url = {http://dx.doi.org/10.1177/070674370404900902},
	langid = {en}
}
