
@article{Nock2008,
	title = {Cross-national prevalence and risk factors for suicidal ideation, plans and attempts},
	author = {Nock, Matthew K. and Borges, Guilherme and Bromet, Evelyn J. and Alonso, Jordi and Angermeyer, Matthias and Beautrais, Annette and Bruffaerts, Ronny and Chiu, Wai Tat and de Girolamo, Giovanni and Gluzman, Semyon and de Graaf, Ron and Gureje, Oye and Haro, Josep Maria and Huang, Yueqin and Karam, Elie and Kessler, Ronald C. and Lepine, Jean Pierre and Levinson, Daphna and Medina-Mora, Maria Elena and Ono, Yutaka and Posada-Villa, {José} and Williams, David},
	year = {2008},
	month = {02},
	date = {2008-02},
	journal = {British Journal of Psychiatry},
	pages = {98--105},
	volume = {192},
	number = {2},
	doi = {10.1192/bjp.bp.107.040113},
	url = {http://dx.doi.org/10.1192/bjp.bp.107.040113},
	langid = {en}
}

@article{Jeon2010,
	title = {Lifetime Prevalence and Correlates of Suicidal Ideation, Plan, and Single and Multiple Attempts in a Korean Nationwide Study},
	author = {Jeon, Hong Jin and Lee, Jun-Young and Lee, Young Moon and Hong, Jin Pyo and Won, Seung-Hee and Cho, Seong-Jin and Kim, Jin-Yeong and Chang, Sung Man and Lee, Dongsoo and Lee, Hae Woo and Cho, Maeng Je},
	year = {2010},
	month = {09},
	date = {2010-09},
	journal = {Journal of Nervous & Mental Disease},
	pages = {643--646},
	volume = {198},
	number = {9},
	doi = {10.1097/nmd.0b013e3181ef3ecf},
	url = {http://dx.doi.org/10.1097/NMD.0b013e3181ef3ecf},
	langid = {en}
}

@article{DeVylder2015,
	title = {Suicidal Ideation and Suicide Attempts Among Adults With Psychotic Experiences},
	author = {DeVylder, Jordan E. and Lukens, Ellen P. and Link, Bruce G. and Lieberman, Jeffrey A.},
	year = {2015},
	month = {03},
	date = {2015-03-01},
	journal = {JAMA Psychiatry},
	pages = {219},
	volume = {72},
	number = {3},
	doi = {10.1001/jamapsychiatry.2014.2663},
	url = {http://dx.doi.org/10.1001/jamapsychiatry.2014.2663},
	langid = {en}
}

@article{Carroll2014,
	title = {Hospital Presenting Self-Harm and Risk of Fatal and Non-Fatal Repetition: Systematic Review and Meta-Analysis},
	author = {Carroll, Robert and Metcalfe, Chris and Gunnell, David},
	editor = {Gluud, Lise Lotte},
	year = {2014},
	month = {02},
	date = {2014-02-28},
	journal = {PLoS ONE},
	pages = {e89944},
	volume = {9},
	number = {2},
	doi = {10.1371/journal.pone.0089944},
	url = {http://dx.doi.org/10.1371/journal.pone.0089944},
	langid = {en}
}

@article{Owens2002,
	title = {Fatal and non-fatal repetition of self-harm},
	author = {Owens, David and Horrocks, Judith and House, Allan},
	year = {2002},
	month = {09},
	date = {2002-09},
	journal = {British Journal of Psychiatry},
	pages = {193--199},
	volume = {181},
	number = {3},
	doi = {10.1192/bjp.181.3.193},
	url = {http://dx.doi.org/10.1192/bjp.181.3.193},
	langid = {en}
}

@article{Cooper2005,
	title = {Suicide After Deliberate Self-Harm: A 4-Year Cohort Study},
	author = {Cooper, Jayne and Kapur, Navneet and Webb, Roger and Lawlor, Martin and Guthrie, Else and Mackway-Jones, Kevin and Appleby, Louis},
	year = {2005},
	month = {02},
	date = {2005-02},
	journal = {American Journal of Psychiatry},
	pages = {297--303},
	volume = {162},
	number = {2},
	doi = {10.1176/appi.ajp.162.2.297},
	url = {http://dx.doi.org/10.1176/appi.ajp.162.2.297},
	langid = {en}
}

@article{Zahl2004,
	title = {Repetition of deliberate self-harm and subsequent suicide risk: Long-term follow-up study of 11 583 patients},
	author = {Zahl, Daniel Louis and Hawton, Keith},
	year = {2004},
	month = {07},
	date = {2004-07},
	journal = {British Journal of Psychiatry},
	pages = {70--75},
	volume = {185},
	number = {1},
	doi = {10.1192/bjp.185.1.70},
	url = {http://dx.doi.org/10.1192/bjp.185.1.70},
	langid = {en}
}

@article{Bertolote2004,
	title = {Psychiatric Diagnoses and Suicide: Revisiting the Evidence},
	author = {Bertolote, {José Manoel} and Fleischmann, Alexandra and De Leo, Diego and Wasserman, Danuta},
	year = {2004},
	month = {07},
	date = {2004-07},
	journal = {Crisis},
	pages = {147--155},
	volume = {25},
	number = {4},
	doi = {10.1027/0227-5910.25.4.147},
	url = {http://dx.doi.org/10.1027/0227-5910.25.4.147},
	langid = {en}
}

@article{Too2019,
	title = {The association between mental disorders and suicide: A systematic review and meta-analysis of record linkage studies},
	author = {Too, Lay San and Spittal, Matthew J. and Bugeja, Lyndal and Reifels, Lennart and Butterworth, Peter and Pirkis, Jane},
	year = {2019},
	month = {12},
	date = {2019-12},
	journal = {Journal of Affective Disorders},
	pages = {302--313},
	volume = {259},
	doi = {10.1016/j.jad.2019.08.054},
	url = {http://dx.doi.org/10.1016/j.jad.2019.08.054},
	langid = {en}
}

@article{Kim2017,
	title = {Mortality in Schizophrenia and Other Psychoses: Data from the South Korea National Health Insurance Cohort, 2002{\textendash}2013},
	author = {Kim, Woorim and Jang, Suk-Yong and Chun, Sung Youn and Lee, Tae-Hoon and Han, Kyu-Tae and Park, Eun-Cheol},
	year = {2017},
	date = {2017},
	journal = {Journal of Korean Medical Science},
	pages = {835},
	volume = {32},
	number = {5},
	doi = {10.3346/jkms.2017.32.5.835},
	url = {http://dx.doi.org/10.3346/jkms.2017.32.5.835},
	langid = {en}
}

@article{Chapman2015,
	title = {Meta-analysis of the association between suicidal ideation and later suicide among patients with either a schizophrenia spectrum psychosis or a mood disorder},
	author = {Chapman, C. L. and Mullin, K. and Ryan, C. J. and Kuffel, A. and Nielssen, O. and Large, M. M.},
	year = {2014},
	month = {10},
	date = {2014-10-31},
	journal = {Acta Psychiatrica Scandinavica},
	pages = {162--173},
	volume = {131},
	number = {3},
	doi = {10.1111/acps.12359},
	url = {http://dx.doi.org/10.1111/acps.12359},
	langid = {en}
}

@article{Lu2019,
	title = {Prevalence of suicide attempts in individuals with schizophrenia: a meta-analysis of observational studies},
	author = {Lu, Li and Dong, Min and Zhang, Ling and Zhu, Xiao-Min and Ungvari, Gabor S. and Ng, Chee H. and Wang, Gang and Xiang, Yu-Tao},
	year = {2019},
	month = {06},
	date = {2019-06-07},
	journal = {Epidemiology and Psychiatric Sciences},
	volume = {29},
	doi = {10.1017/s2045796019000313},
	url = {http://dx.doi.org/10.1017/S2045796019000313},
	langid = {en}
}

@article{rennie1939,
	title = {FOLLOW-UP STUDY OF FIVE HUNDRED PATIENTS WITH SCHIZOPHRENIA ADMITTED TO THE HOSPITAL FROM 1913 TO 1923},
	author = {RENNIE, THOMAS A. C.},
	year = {1939},
	month = {11},
	date = {1939-11-01},
	journal = {Archives of Neurology And Psychiatry},
	pages = {877},
	volume = {42},
	number = {5},
	doi = {10.1001/archneurpsyc.1939.02270230099008},
	url = {http://dx.doi.org/10.1001/archneurpsyc.1939.02270230099008},
	langid = {en}
}

@article{Hor2010,
	title = {Review: Suicide and schizophrenia: a systematic review of rates and risk factors},
	author = {Hor, Kahyee and Taylor, Mark},
	year = {2010},
	month = {10},
	date = {2010-10-05},
	journal = {Journal of Psychopharmacology},
	pages = {81--90},
	volume = {24},
	number = {4{\_}suppl},
	doi = {10.1177/1359786810385490},
	url = {http://dx.doi.org/10.1177/1359786810385490},
	langid = {en}
}

@article{Nordentoft2015,
	title = {Suicidal Behavior and Mortality in First-Episode Psychosis},
	author = {Nordentoft, Merete and Madsen, Trine and Fedyszyn, Izabela},
	year = {2015},
	month = {05},
	date = {2015-05},
	journal = {Journal of Nervous & Mental Disease},
	pages = {387--392},
	volume = {203},
	number = {5},
	doi = {10.1097/nmd.0000000000000296},
	url = {http://dx.doi.org/10.1097/NMD.0000000000000296},
	langid = {en}
}

@article{Dutta2010,
	title = {Reassessing the Long-term Risk of Suicide After a First Episode of Psychosis},
	author = {Dutta, Rina and Murray, Robin M. and Hotopf, Matthew and Allardyce, Judith and Jones, Peter B. and Boydell, Jane},
	year = {2010},
	month = {12},
	date = {2010-12-06},
	journal = {Archives of General Psychiatry},
	pages = {1230},
	volume = {67},
	number = {12},
	doi = {10.1001/archgenpsychiatry.2010.157},
	url = {http://dx.doi.org/10.1001/archgenpsychiatry.2010.157},
	langid = {en}
}

@article{nah2017,
	title = {Characteristics of Patients who Died by Suicide in a Community Mental Health Center},
	author = {Nah, Gihoi and Choi, Seunggi and Kim, Honey and Lee, Ju-Yeon and Kim, Jae-Min and Shin, Il-Seon and Yoon, Jin-Sang and Kim, Sung-Wan},
	year = {2017},
	date = {2017},
	journal = {Korean Journal of Schizophrenia Research},
	pages = {55},
	volume = {20},
	number = {2},
	doi = {10.16946/kjsr.2017.20.2.55},
	url = {http://dx.doi.org/10.16946/kjsr.2017.20.2.55},
	langid = {ko}
}

@article{Pan2021,
	title = {Incidence and method of suicide mortality in patients with schizophrenia: a Nationwide Cohort Study},
	author = {Pan, Chun-Hung and Chen, Pao-Huan and Chang, Hu-Ming and Wang, I-Shuan and Chen, Yi-Lung and Su, Sheng-Siang and Tsai, Shang-Ying and Chen, Chiao-Chicy and Kuo, Chian-Jue},
	year = {2020},
	month = {11},
	date = {2020-11-27},
	journal = {Social Psychiatry and Psychiatric Epidemiology},
	pages = {1437--1446},
	volume = {56},
	number = {8},
	doi = {10.1007/s00127-020-01985-8},
	url = {http://dx.doi.org/10.1007/s00127-020-01985-8},
	langid = {en}
}

@article{Alaräisänen2009,
	title = {Suicide rate in schizophrenia in the Northern Finland 1966 Birth Cohort},
	author = {{Alaräisänen}, Antti and Miettunen, Jouko and {Räsänen}, Pirkko and Fenton, Wayne and Koivumaa-Honkanen, Heli-Tuulie Jeannette and Isohanni, Matti},
	year = {2009},
	month = {03},
	date = {2009-03-25},
	journal = {Social Psychiatry and Psychiatric Epidemiology},
	pages = {1107--1110},
	volume = {44},
	number = {12},
	doi = {10.1007/s00127-009-0033-5},
	url = {http://dx.doi.org/10.1007/s00127-009-0033-5},
	langid = {en}
}

@article{Taylor2015,
	title = {Are people at risk of psychosis also at risk of suicide and self-harm? A systematic review and meta-analysis},
	author = {Taylor, P. J. and Hutton, P. and Wood, L.},
	year = {2014},
	month = {10},
	date = {2014-10-09},
	journal = {Psychological Medicine},
	pages = {911--926},
	volume = {45},
	number = {5},
	doi = {10.1017/s0033291714002074},
	url = {http://dx.doi.org/10.1017/S0033291714002074},
	langid = {en}
}

@article{Barrett2010,
	title = {Suicidality before and in the early phases of first episode psychosis},
	author = {Barrett, Elizabeth A. and Sundet, Kjetil and Faerden, Ann and {Nesvåg}, Ragnar and Agartz, Ingrid and Fosse, Roar and Mork, Erlend and Steen, Nils Eiel and Andreassen, Ole A. and Melle, Ingrid},
	year = {2010},
	month = {06},
	date = {2010-06},
	journal = {Schizophrenia Research},
	pages = {11--17},
	volume = {119},
	number = {1-3},
	doi = {10.1016/j.schres.2010.03.022},
	url = {http://dx.doi.org/10.1016/j.schres.2010.03.022},
	langid = {en}
}

@article{Nordentoft2004,
	title = {Change in suicide rates for patients with schizophrenia in Denmark, 1981-97: nested case-control study},
	author = {Nordentoft, Merete and Laursen, Thomas Munk and Agerbo, Esben and Qin, Ping and {Høyer}, Eyd Hansen and Mortensen, Preben Bo},
	year = {2004},
	month = {06},
	date = {2004-06-22},
	journal = {BMJ},
	pages = {261},
	volume = {329},
	number = {7460},
	doi = {10.1136/bmj.38133.622488.63},
	url = {http://dx.doi.org/10.1136/bmj.38133.622488.63},
	langid = {en}
}

@article{Hiroeh2001,
	title = {Death by homicide, suicide, and other unnatural causes in people with mental illness: a population-based study},
	author = {Hiroeh, Urara and Appleby, Louis and Mortensen, Preben Bo and Dunn, Graham},
	year = {2001},
	month = {12},
	date = {2001-12},
	journal = {The Lancet},
	pages = {2110--2112},
	volume = {358},
	number = {9299},
	doi = {10.1016/s0140-6736(01)07216-6},
	url = {http://dx.doi.org/10.1016/S0140-6736(01)07216-6},
	langid = {en}
}

@article{Yoon2009,
	title = {Does Deinstitutionalization Increase Suicide?},
	author = {Yoon, Jangho and Bruckner, Tim A.},
	year = {2009},
	month = {08},
	date = {2009-08},
	journal = {Health Services Research},
	pages = {1385--1405},
	volume = {44},
	number = {4},
	doi = {10.1111/j.1475-6773.2009.00986.x},
	url = {http://dx.doi.org/10.1111/j.1475-6773.2009.00986.x},
	langid = {en}
}

@article{Franklin2017,
	title = {Risk factors for suicidal thoughts and behaviors: A meta-analysis of 50 years of research.},
	author = {Franklin, Joseph C. and Ribeiro, Jessica D. and Fox, Kathryn R. and Bentley, Kate H. and Kleiman, Evan M. and Huang, Xieyining and Musacchio, Katherine M. and Jaroszewski, Adam C. and Chang, Bernard P. and Nock, Matthew K.},
	year = {2017},
	date = {2017},
	journal = {Psychological Bulletin},
	pages = {187--232},
	volume = {143},
	number = {2},
	doi = {10.1037/bul0000084},
	url = {http://dx.doi.org/10.1037/bul0000084},
	langid = {en}
}

@article{Roy2009,
	title = {Management of Schizophrenia with Suicide Risk},
	author = {Roy, Alec and Pompili, Maurizio},
	year = {2009},
	month = {12},
	date = {2009-12},
	journal = {Psychiatric Clinics of North America},
	pages = {863--883},
	volume = {32},
	number = {4},
	doi = {10.1016/j.psc.2009.08.005},
	url = {http://dx.doi.org/10.1016/j.psc.2009.08.005},
	langid = {en}
}

@article{OConnor2018,
	title = {The integrated motivational{\textendash}volitional model of suicidal behaviour},
	author = {{O'Connor}, Rory C. and Kirtley, Olivia J.},
	year = {2018},
	month = {07},
	date = {2018-07-16},
	journal = {Philosophical Transactions of the Royal Society B: Biological Sciences},
	pages = {20170268},
	volume = {373},
	number = {1754},
	doi = {10.1098/rstb.2017.0268},
	url = {http://dx.doi.org/10.1098/rstb.2017.0268},
	langid = {en}
}

@inbook{mishara2016,
	title = {Why Mental Illness is a Risk Factor for Suicide},
	author = {Mishara, Brian L. and Chagnon, {François}},
	year = {2016},
	month = {10},
	date = {2016-10-18},
	publisher = {John Wiley & Sons, Ltd},
	pages = {594--608},
	doi = {10.1002/9781118903223.ch34},
	url = {http://dx.doi.org/10.1002/9781118903223.ch34}
}

@article{Ribeiro2015,
	title = {AN INVESTIGATION OF THE INTERACTIVE EFFECTS OF THE CAPABILITY FOR SUICIDE AND ACUTE AGITATION ON SUICIDALITY IN A MILITARY SAMPLE},
	author = {Ribeiro, Jessica D. and Bender, Theodore W. and Buchman, Jennifer M. and Nock, Matthew K. and Rudd, M. David and Bryan, Craig J. and Lim, Ingrid C. and Baker, Monty T. and Knight, Chadwick and Gutierrez, Peter M. and Joiner, Thomas E.},
	year = {2014},
	month = {02},
	date = {2014-02-22},
	journal = {Depression and Anxiety},
	pages = {25--31},
	volume = {32},
	number = {1},
	doi = {10.1002/da.22240},
	url = {http://dx.doi.org/10.1002/da.22240},
	langid = {en}
}

@article{May2016,
	title = {{\textquotedblleft}Impulsive{\textquotedblright} suicide attempts: What do we really mean?},
	author = {May, Alexis M. and Klonsky, E. David},
	year = {2016},
	month = {07},
	date = {2016-07},
	journal = {Personality Disorders: Theory, Research, and Treatment},
	pages = {293--302},
	volume = {7},
	number = {3},
	doi = {10.1037/per0000160},
	url = {http://dx.doi.org/10.1037/per0000160},
	langid = {en}
}

@article{Bendall2008,
	title = {Childhood Trauma and Psychotic Disorders: a Systematic, Critical Review of the Evidence},
	author = {Bendall, S. and Jackson, H. J. and Hulbert, C. A. and McGorry, P. D.},
	year = {2007},
	month = {05},
	date = {2007-05-04},
	journal = {Schizophrenia Bulletin},
	pages = {568--579},
	volume = {34},
	number = {3},
	doi = {10.1093/schbul/sbm121},
	url = {http://dx.doi.org/10.1093/schbul/sbm121},
	langid = {en}
}

@article{Kim2006,
	title = {Sexual and physical abuse among Korean female inpatients with schizophrenia},
	author = {Kim, Daeho and Kaspar, Violet and Noh, Samuel and Nam, Jung Hyun},
	year = {2006},
	date = {2006},
	journal = {Journal of Traumatic Stress},
	pages = {279--289},
	volume = {19},
	number = {2},
	doi = {10.1002/jts.20119},
	url = {http://dx.doi.org/10.1002/jts.20119},
	langid = {en}
}

@article{Rosenberg2007,
	title = {Correlates of Adverse Childhood Events Among Adults With Schizophrenia Spectrum Disorders},
	author = {Rosenberg, Stanley D. and Lu, Weili and Mueser, Kim T. and Jankowski, Mary Kay and Cournos, Francine},
	year = {2007},
	month = {02},
	date = {2007-02},
	journal = {Psychiatric Services},
	pages = {245--253},
	volume = {58},
	number = {2},
	doi = {10.1176/ps.2007.58.2.245},
	url = {http://dx.doi.org/10.1176/ps.2007.58.2.245},
	langid = {en}
}

@article{Tousignant2011,
	title = {Suicide, Schizophrenia, and Schizoid-Type Psychosis: Role of Life Events and Childhood Factors},
	author = {Tousignant, Michel and Pouliot, Louise and Routhier, Danielle and Vrakas, Georgia and McGirr, Alexander and Turecki, Gustavo},
	year = {2011},
	month = {01},
	date = {2011-01-19},
	journal = {Suicide and Life-Threatening Behavior},
	pages = {66--78},
	volume = {41},
	number = {1},
	doi = {10.1111/j.1943-278x.2010.00002.x},
	url = {http://dx.doi.org/10.1111/j.1943-278X.2010.00002.x},
	langid = {en}
}

@article{OHare2014,
	title = {Lifetime Trauma and Suicide Attempts in People with Severe Mental Illness},
	author = {{O{\textquoteright}Hare}, Thomas and Shen, Ce and Sherrer, Margaret},
	year = {2013},
	month = {11},
	date = {2013-11-27},
	journal = {Community Mental Health Journal},
	pages = {673--680},
	volume = {50},
	number = {6},
	doi = {10.1007/s10597-013-9658-7},
	url = {http://dx.doi.org/10.1007/s10597-013-9658-7},
	langid = {en}
}

@article{Park2015,
	title = {Cause-Specific Mortality of Psychiatric Inpatients and Outpatients in a General Hospital in Korea},
	author = {Park, Subin and Kim, Seong Yoon and Hong, Jin Pyo},
	year = {2012},
	month = {07},
	date = {2012-07-18},
	journal = {Asia Pacific Journal of Public Health},
	pages = {164--175},
	volume = {27},
	number = {2},
	doi = {10.1177/1010539512452755},
	url = {http://dx.doi.org/10.1177/1010539512452755},
	langid = {en}
}

@article{Angelakis2020,
	title = {Association of Childhood Maltreatment With Suicide Behaviors Among Young People},
	author = {Angelakis, Ioannis and Austin, Jennifer L. and Gooding, Patricia},
	year = {2020},
	month = {08},
	date = {2020-08-05},
	journal = {JAMA Network Open},
	pages = {e2012563},
	volume = {3},
	number = {8},
	doi = {10.1001/jamanetworkopen.2020.12563},
	url = {http://dx.doi.org/10.1001/jamanetworkopen.2020.12563},
	langid = {en}
}

@article{Howarth2020,
	title = {Are stressful life events prospectively associated with increased suicidal ideation and behaviour? A systematic review and meta-analysis},
	author = {Howarth, Emma J. and {O'Connor}, Daryl B. and Panagioti, Maria and Hodkinson, Alexander and Wilding, Sarah and Johnson, Judith},
	year = {2020},
	month = {04},
	date = {2020-04},
	journal = {Journal of Affective Disorders},
	pages = {731--742},
	volume = {266},
	doi = {10.1016/j.jad.2020.01.171},
	url = {http://dx.doi.org/10.1016/j.jad.2020.01.171},
	langid = {en}
}

@article{Sher2019,
	title = {Suicide in Schizophrenia: An Educational Overview},
	author = {Sher, Leo and Kahn, {René S.}},
	year = {2019},
	month = {07},
	date = {2019-07-10},
	journal = {Medicina},
	pages = {361},
	volume = {55},
	number = {7},
	doi = {10.3390/medicina55070361},
	url = {http://dx.doi.org/10.3390/medicina55070361},
	langid = {en}
}

@article{Ryan2020,
	title = {Suicide Risk Assessment and Prevention: Challenges and Opportunities},
	author = {Ryan, Eileen P. and Oquendo, Maria A.},
	year = {2020},
	month = {04},
	date = {2020-04},
	journal = {FOCUS},
	pages = {88--99},
	volume = {18},
	number = {2},
	doi = {10.1176/appi.focus.20200011},
	url = {http://dx.doi.org/10.1176/appi.focus.20200011},
	langid = {en}
}

@article{Jongkind2019,
	title = {Dimensions of Religion Associated with Suicide Attempt and Suicide Ideation in Depressed, Religiously Affiliated Patients},
	author = {Jongkind, Matthias and Brink, Bart and {Schaap{-}Jonker}, Hanneke and Velde, Nathan and Braam, Arjan W.},
	year = {2018},
	month = {04},
	date = {2018-04-20},
	journal = {Suicide and Life-Threatening Behavior},
	pages = {505--519},
	volume = {49},
	number = {2},
	doi = {10.1111/sltb.12456},
	url = {http://dx.doi.org/10.1111/sltb.12456},
	langid = {en}
}

@article{Isometsä1998,
	title = {Suicide attempts preceding completed suicide},
	author = {{Isometsä}, Erkki T. and {Lönnqvist}, Jouko K.},
	year = {1998},
	month = {12},
	date = {1998-12},
	journal = {British Journal of Psychiatry},
	pages = {531--535},
	volume = {173},
	number = {6},
	doi = {10.1192/bjp.173.6.531},
	url = {http://dx.doi.org/10.1192/bjp.173.6.531},
	langid = {en}
}

@article{Bostwick2016,
	title = {Suicide Attempt as a Risk Factor for Completed Suicide: Even More Lethal Than We Knew},
	author = {Bostwick, J. Michael and Pabbati, Chaitanya and Geske, Jennifer R. and McKean, Alastair J.},
	year = {2016},
	month = {11},
	date = {2016-11},
	journal = {American Journal of Psychiatry},
	pages = {1094--1100},
	volume = {173},
	number = {11},
	doi = {10.1176/appi.ajp.2016.15070854},
	url = {http://dx.doi.org/10.1176/appi.ajp.2016.15070854},
	langid = {en}
}

@article{Suokas2001,
	title = {Long-term risk factors for suicide mortality after attempted suicide - Findings of a 14-year follow-up study},
	author = {Suokas, Jaana and Suominen, Kirsi and {Isometsä}, Erkki and Ostamo, Aini and {Lönnqvist}, Jouko},
	year = {2001},
	month = {08},
	date = {2001-08},
	journal = {Acta Psychiatrica Scandinavica},
	pages = {117--121},
	volume = {104},
	number = {2},
	doi = {10.1034/j.1600-0447.2001.00243.x},
	url = {http://dx.doi.org/10.1034/j.1600-0447.2001.00243.x},
	langid = {en}
}

@article{Tidemalm2008,
	title = {Risk of suicide after suicide attempt according to coexisting psychiatric disorder: Swedish cohort study with long term follow-up},
	author = {Tidemalm, D. and Langstrom, N. and Lichtenstein, P. and Runeson, B.},
	year = {2008},
	month = {11},
	date = {2008-11-18},
	journal = {BMJ},
	pages = {a2205--a2205},
	volume = {337},
	number = {nov18 3},
	doi = {10.1136/bmj.a2205},
	url = {http://dx.doi.org/10.1136/bmj.a2205},
	langid = {en}
}

@article{Carlborg2010,
	title = {Attempted suicide predicts suicide risk in schizophrenia spectrum psychosis},
	author = {Carlborg, Andreas and Jokinen, Jussi and {Nordström}, Anna-Lena and {Jönsson}, Erik G. and {Nordström}, Peter},
	year = {2009},
	month = {11},
	date = {2009-11-02},
	journal = {Nordic Journal of Psychiatry},
	pages = {68--72},
	volume = {64},
	number = {1},
	doi = {10.3109/08039480903274431},
	url = {http://dx.doi.org/10.3109/08039480903274431},
	langid = {en}
}

@article{Olfson2016,
	title = {Short-term Suicide Risk After Psychiatric Hospital Discharge},
	author = {Olfson, Mark and Wall, Melanie and Wang, Shuai and Crystal, Stephen and Liu, Shang-Min and Gerhard, Tobias and Blanco, Carlos},
	year = {2016},
	month = {11},
	date = {2016-11-01},
	journal = {JAMA Psychiatry},
	pages = {1119},
	volume = {73},
	number = {11},
	doi = {10.1001/jamapsychiatry.2016.2035},
	url = {http://dx.doi.org/10.1001/jamapsychiatry.2016.2035},
	langid = {en}
}

@article{Chung2019,
	title = {Meta-analysis of suicide rates in the first week and the first month after psychiatric hospitalisation},
	author = {Chung, Daniel and Hadzi-Pavlovic, Dusan and Wang, Maggie and Swaraj, Sascha and Olfson, Mark and Large, Matthew},
	year = {2019},
	month = {03},
	date = {2019-03},
	journal = {BMJ Open},
	pages = {e023883},
	volume = {9},
	number = {3},
	doi = {10.1136/bmjopen-2018-023883},
	url = {http://dx.doi.org/10.1136/bmjopen-2018-023883},
	langid = {en}
}

@article{Hellerstein1987,
	title = {The clinical significance of command hallucinations},
	year = {1987},
	month = {02},
	date = {1987-02},
	journal = {American Journal of Psychiatry},
	pages = {219--221},
	volume = {144},
	number = {2},
	doi = {10.1176/ajp.144.2.219},
	url = {http://dx.doi.org/10.1176/ajp.144.2.219},
	langid = {en}
}

@article{Kjelby2015,
	title = {Suicidality in Schizophrenia Spectrum Disorders: The Relationship to Hallucinations and Persecutory Delusions},
	author = {Kjelby, E. and Sinkeviciute, I. and Gjestad, R. and Kroken, R.A. and {Løberg}, E.-M. and {Jørgensen}, H.A. and Hugdahl, K. and Johnsen, E.},
	year = {2015},
	month = {10},
	date = {2015-10},
	journal = {European Psychiatry},
	pages = {830--836},
	volume = {30},
	number = {7},
	doi = {10.1016/j.eurpsy.2015.07.003},
	url = {http://dx.doi.org/10.1016/j.eurpsy.2015.07.003},
	langid = {en}
}

@article{Wong2013,
	title = {Command hallucinations and clinical characteristics of suicidality in patients with psychotic spectrum disorders},
	author = {Wong, Zerlina and {Öngür}, Dost and Cohen, Bruce and Ravichandran, Caitlin and Noam, Gil and Murphy, Beth},
	year = {2013},
	month = {08},
	date = {2013-08},
	journal = {Comprehensive Psychiatry},
	pages = {611--617},
	volume = {54},
	number = {6},
	doi = {10.1016/j.comppsych.2012.12.022},
	url = {http://dx.doi.org/10.1016/j.comppsych.2012.12.022},
	langid = {en}
}

@article{Ventriglio2016,
	title = {Suicide in the Early Stage of Schizophrenia},
	author = {Ventriglio, Antonio and Gentile, Alessandro and Bonfitto, Iris and Stella, Eleonora and Mari, Massimo and Steardo, Luca and Bellomo, Antonello},
	year = {2016},
	month = {06},
	date = {2016-06-27},
	journal = {Frontiers in Psychiatry},
	volume = {7},
	doi = {10.3389/fpsyt.2016.00116},
	url = {http://dx.doi.org/10.3389/fpsyt.2016.00116}
}

@article{Freeman2019,
	title = {Suicidal ideation and behaviour in patients with persecutory delusions: Prevalence, symptom associations, and psychological correlates},
	author = {Freeman, Daniel and Bold, Emily and Chadwick, Eleanor and Taylor, Kathryn M. and Collett, Nicola and Diamond, Rowan and {{\v{C}}ernis}, Emma and Bird, Jessica C. and Isham, Louise and Forkert, Ava and Carr, Lydia and Causier, Chiara and Waite, Felicity},
	year = {2019},
	month = {08},
	date = {2019-08},
	journal = {Comprehensive Psychiatry},
	pages = {41--47},
	volume = {93},
	doi = {10.1016/j.comppsych.2019.07.001},
	url = {http://dx.doi.org/10.1016/j.comppsych.2019.07.001},
	langid = {en}
}

@article{Bornheimer2019,
	title = {Suicidal Ideation in First{-}Episode Psychosis (FEP): Examination of Symptoms of Depression and Psychosis Among Individuals in an Early Phase of Treatment},
	author = {Bornheimer, Lindsay A.},
	year = {2018},
	month = {02},
	date = {2018-02-14},
	journal = {Suicide and Life-Threatening Behavior},
	pages = {423--431},
	volume = {49},
	number = {2},
	doi = {10.1111/sltb.12440},
	url = {http://dx.doi.org/10.1111/sltb.12440},
	langid = {en}
}

@article{Yates2019,
	title = {Association of Psychotic Experiences With Subsequent Risk of Suicidal Ideation, Suicide Attempts, and Suicide Deaths},
	author = {Yates, Kathryn and {Lång}, Ulla and {Cederlöf}, Martin and Boland, Fiona and Taylor, Peter and Cannon, Mary and McNicholas, Fiona and DeVylder, Jordan and Kelleher, Ian},
	year = {2019},
	month = {02},
	date = {2019-02-01},
	journal = {JAMA Psychiatry},
	pages = {180},
	volume = {76},
	number = {2},
	doi = {10.1001/jamapsychiatry.2018.3514},
	url = {http://dx.doi.org/10.1001/jamapsychiatry.2018.3514},
	langid = {en}
}

@article{grunebaum2001,
	title = {Delusions and Suicidality},
	author = {Grunebaum, Michael F. and Oquendo, Maria A. and Harkavy-Friedman, Jill M. and Ellis, Steven P. and Li, Shuhua and Haas, Gretchen L. and Malone, Kevin M. and Mann, J. John},
	year = {2001},
	month = {05},
	date = {2001-05},
	journal = {American Journal of Psychiatry},
	pages = {742--747},
	volume = {158},
	number = {5},
	doi = {10.1176/appi.ajp.158.5.742},
	url = {http://dx.doi.org/10.1176/appi.ajp.158.5.742},
	langid = {en}
}

@article{Kasckow2011,
	title = {Suicidal behavior in the older patient with schizophrenia},
	author = {Kasckow, John and Montross, Lori and Prunty, Laurie and Fox, Lauren and Zisook, Sidney},
	year = {2011},
	month = {06},
	date = {2011-06},
	journal = {Aging Health},
	pages = {379--393},
	volume = {7},
	number = {3},
	doi = {10.2217/ahe.11.23},
	url = {http://dx.doi.org/10.2217/ahe.11.23},
	langid = {en}
}

@article{Coentre2017,
	title = {Depressive symptoms and suicidal behavior after first-episode psychosis: A comprehensive systematic review},
	author = {Coentre, Ricardo and Talina, Miguel Cotrim and {Góis}, Carlos and Figueira, {Maria Luísa}},
	year = {2017},
	month = {07},
	date = {2017-07},
	journal = {Psychiatry Research},
	pages = {240--248},
	volume = {253},
	doi = {10.1016/j.psychres.2017.04.010},
	url = {http://dx.doi.org/10.1016/j.psychres.2017.04.010},
	langid = {en}
}

@article{Kelleher2012,
	title = {Psychotic Symptoms in Adolescence Index Risk for Suicidal Behavior},
	author = {Kelleher, Ian and Lynch, Fionnuala and Harley, Michelle and Molloy, Charlene and Roddy, Sarah and Fitzpatrick, Carol and Cannon, Mary},
	year = {2012},
	month = {12},
	date = {2012-12-01},
	journal = {Archives of General Psychiatry},
	pages = {1277},
	volume = {69},
	number = {12},
	doi = {10.1001/archgenpsychiatry.2012.164},
	url = {http://dx.doi.org/10.1001/archgenpsychiatry.2012.164},
	langid = {en}
}

@article{drake1984,
	title = {Suicide among Schizophrenics},
	author = {DRAKE, ROBERT E. and GATES, CHARLENE and COTTON, PAUL G. and WHITAKER, ANNE},
	year = {1984},
	month = {10},
	date = {1984-10},
	journal = {The Journal of Nervous and Mental Disease},
	pages = {613--617},
	volume = {172},
	number = {10},
	doi = {10.1097/00005053-198410000-00004},
	url = {http://dx.doi.org/10.1097/00005053-198410000-00004},
	langid = {en}
}

@article{Kuo2005,
	title = {Risk Factors for Completed Suicide in Schizophrenia},
	author = {Kuo, Chian-Jue and Tsai, Shang-Ying and Lo, Chun-Hsuan and Wang, Ying-Ping and Chen, Chiao-Chicy},
	year = {2005},
	month = {05},
	date = {2005-05-15},
	journal = {The Journal of Clinical Psychiatry},
	pages = {579--585},
	volume = {66},
	number = {05},
	doi = {10.4088/jcp.v66n0506},
	url = {http://dx.doi.org/10.4088/jcp.v66n0506}
}

@article{Reutfors2009,
	title = {Risk factors for suicide in schizophrenia: Findings from a Swedish population-based case-control study},
	author = {Reutfors, Johan and Brandt, Lena and {Jönsson}, Erik G. and Ekbom, Anders and {Sparén}, {Pär} and {Ösby}, Urban},
	year = {2009},
	month = {03},
	date = {2009-03},
	journal = {Schizophrenia Research},
	pages = {231--237},
	volume = {108},
	number = {1-3},
	doi = {10.1016/j.schres.2008.12.023},
	url = {http://dx.doi.org/10.1016/j.schres.2008.12.023},
	langid = {en}
}

@article{Fenton1997,
	title = {Symptoms, subtype, and suicidality in patients with schizophrenia spectrum disorders},
	year = {1997},
	month = {02},
	date = {1997-02},
	journal = {American Journal of Psychiatry},
	pages = {199--204},
	volume = {154},
	number = {2},
	doi = {10.1176/ajp.154.2.199},
	url = {http://dx.doi.org/10.1176/ajp.154.2.199},
	langid = {en}
}

@article{Loas2009,
	title = {Fourteen-Year Prospective Follow-Up Study of Positive and Negative Symptoms in Chronic Schizophrenic Patients Dying from Suicide Compared to Other Causes of Death},
	author = {Loas, {Gwenolé} and Azi, Amine and Noisette, Carole and Legrand, Alain and Yon, {Valérie}},
	year = {2009},
	date = {2009},
	journal = {Psychopathology},
	pages = {185--189},
	volume = {42},
	number = {3},
	doi = {10.1159/000209331},
	url = {http://dx.doi.org/10.1159/000209331},
	langid = {en}
}

@article{Jahn2016,
	title = {The interactive effects of negative symptoms and social role functioning on suicide ideation in individuals with schizophrenia},
	author = {Jahn, Danielle R. and Bennett, Melanie E. and Park, Stephanie G. and Gur, Raquel E. and Horan, William P. and Kring, Ann M. and Blanchard, Jack J.},
	year = {2016},
	month = {02},
	date = {2016-02},
	journal = {Schizophrenia Research},
	pages = {271--277},
	volume = {170},
	number = {2-3},
	doi = {10.1016/j.schres.2015.12.011},
	url = {http://dx.doi.org/10.1016/j.schres.2015.12.011},
	langid = {en}
}

@article{Grigoriou2020,
	title = {Blunted affect and suicide in schizophrenia: A systematic review},
	author = {Grigoriou, Markella and Upthegrove, Rachel},
	year = {2020},
	month = {11},
	date = {2020-11},
	journal = {Psychiatry Research},
	pages = {113355},
	volume = {293},
	doi = {10.1016/j.psychres.2020.113355},
	url = {http://dx.doi.org/10.1016/j.psychres.2020.113355},
	langid = {en}
}

@article{Fernández-Sevillano2021,
	title = {Suicidal behaviour and cognition: A systematic review with special focus on prefrontal deficits},
	author = {{Fernández-Sevillano}, Jessica and {González-Pinto}, Ana and {Rodríguez-Revuelta}, Julia and Alberich, Susana and {Gónzalez-Blanco}, Leticia and Zorrilla, {Iñaki} and Velasco, {Ángela} and {López}, {María Purificación} and Abad, Iciar and {Sáiz}, Pilar Alejandra},
	year = {2021},
	month = {01},
	date = {2021-01},
	journal = {Journal of Affective Disorders},
	pages = {488--496},
	volume = {278},
	doi = {10.1016/j.jad.2020.09.044},
	url = {http://dx.doi.org/10.1016/j.jad.2020.09.044},
	langid = {en}
}

@article{Yin2020,
	title = {Suicidal ideation, suicide attempts, and neurocognitive dysfunctions among patients with first{-}episode schizophrenia},
	author = {Yin, Yi and Tong, Jinghui and Huang, Junchao and Tian, Baopeng and Chen, Song and Cui, Yimin and An, Huimei and Tan, Shuping and Wang, Zhiren and Yang, Fude and Tian, Li and Tong, Yongsheng and Hong, L. Elliot and Tan, Yunlong},
	year = {2020},
	month = {09},
	date = {2020-09-19},
	journal = {Suicide and Life-Threatening Behavior},
	pages = {1181--1188},
	volume = {50},
	number = {6},
	doi = {10.1111/sltb.12689},
	url = {http://dx.doi.org/10.1111/sltb.12689},
	langid = {en}
}

@article{Adan2017,
	title = {Executive Functioning in Men with Schizophrenia and Substance Use Disorders. Influence of Lifetime Suicide Attempts},
	author = {Adan, Ana and Capella, Maria del Mar and Prat, Gemma and Forero, Diego A. and {López-Vera}, Silvia and Navarro, {José Francisco}},
	editor = {{Verdejo-García}, Antonio},
	year = {2017},
	month = {01},
	date = {2017-01-18},
	journal = {PLOS ONE},
	pages = {e0169943},
	volume = {12},
	number = {1},
	doi = {10.1371/journal.pone.0169943},
	url = {http://dx.doi.org/10.1371/journal.pone.0169943},
	langid = {en}
}

@article{Drake1986,
	title = {Depression, Hopelessness and Suicide in Chronic Schizophrenia},
	author = {Drake, Robert E. and Cotton, Paul G.},
	year = {1986},
	month = {05},
	date = {1986-05},
	journal = {British Journal of Psychiatry},
	pages = {554--559},
	volume = {148},
	number = {5},
	doi = {10.1192/bjp.148.5.554},
	url = {http://dx.doi.org/10.1192/bjp.148.5.554},
	langid = {en}
}

@article{Foley2008,
	title = {Suicidality prior to presentation in first-episode psychosis},
	author = {Foley, Sharon and Jackson, Deirdre and McWilliams, Stephen and Renwick, Laoise and Sutton, Marie and Turner, Niall and Kinsella, Anthony and {O'Callaghan}, Eadbhard},
	year = {2008},
	month = {10},
	date = {2008-10-23},
	journal = {Early Intervention in Psychiatry},
	pages = {242--246},
	volume = {2},
	number = {4},
	doi = {10.1111/j.1751-7893.2008.00084.x},
	url = {http://dx.doi.org/10.1111/j.1751-7893.2008.00084.x},
	langid = {en}
}

@article{Ayesa-Arriola2014,
	title = {Lack of insight 3years after first-episode psychosis: An unchangeable illness trait determined from first presentation?},
	author = {Ayesa-Arriola, Rosa and {Moríñigo}, {Javier David López} and David, Anthony S. and {Pérez-Iglesias}, {Rocío} and {Rodríguez-Sánchez}, Jose Manuel and Crespo-Facorro, Benedicto},
	year = {2014},
	month = {08},
	date = {2014-08},
	journal = {Schizophrenia Research},
	pages = {271--277},
	volume = {157},
	number = {1-3},
	doi = {10.1016/j.schres.2014.05.011},
	url = {http://dx.doi.org/10.1016/j.schres.2014.05.011},
	langid = {en}
}

@article{Barrett2015,
	title = {The development of insight and its relationship with suicidality over one year follow-up in patients with first episode psychosis},
	author = {Barrett, Elizabeth A. and Mork, Erlend and {Færden}, Ann and {Nesvåg}, Ragnar and Agartz, Ingrid and Andreassen, Ole A. and Melle, Ingrid},
	year = {2015},
	month = {03},
	date = {2015-03},
	journal = {Schizophrenia Research},
	pages = {97--102},
	volume = {162},
	number = {1-3},
	doi = {10.1016/j.schres.2015.01.004},
	url = {http://dx.doi.org/10.1016/j.schres.2015.01.004},
	langid = {en}
}

@article{tiihonen2006,
	title = {Effectiveness of antipsychotic treatments in a nationwide cohort of patients in community care after first hospitalisation due to schizophrenia and schizoaffective disorder: observational follow-up study},
	author = {Tiihonen, Jari and Walhbeck, Kristian and {Lönnqvist}, Jouko and Klaukka, Timo and Ioannidis, John P A and Volavka, Jan and Haukka, Jari},
	year = {2006},
	month = {07},
	date = {2006-07-06},
	journal = {BMJ},
	pages = {224},
	volume = {333},
	number = {7561},
	doi = {10.1136/bmj.38881.382755.2f},
	url = {http://dx.doi.org/10.1136/bmj.38881.382755.2F},
	langid = {en}
}

@article{Warriach2021,
	title = {Suicidal Behavior and Medication Adherence in Schizophrenic Patients},
	author = {Warriach, Zain I and Sanchez-Gonzalez, Marcos A and Ferrer, Gerardo F},
	year = {2021},
	month = {01},
	date = {2021-01-04},
	journal = {Cureus},
	doi = {10.7759/cureus.12473},
	url = {http://dx.doi.org/10.7759/cureus.12473},
	langid = {en}
}

@article{Pigeon2012,
	title = {Meta-Analysis of Sleep Disturbance and Suicidal Thoughts and Behaviors},
	author = {Pigeon, Wilfred R. and Pinquart, Martin and Conner, Kenneth},
	year = {2012},
	month = {09},
	date = {2012-09-15},
	journal = {The Journal of Clinical Psychiatry},
	pages = {e1160--e1167},
	volume = {73},
	number = {09},
	doi = {10.4088/jcp.11r07586},
	url = {http://dx.doi.org/10.4088/JCP.11r07586}
}

@article{Malik2014,
	title = {The association between sleep disturbances and suicidal behaviors in patients with psychiatric diagnoses: a systematic review and meta-analysis},
	author = {Malik, Shaista and Kanwar, Amrit and Sim, Leslie A and Prokop, Larry J and Wang, Zhen and Benkhadra, Khalid and Murad, Mohammad Hassan},
	year = {2014},
	month = {02},
	date = {2014-02-25},
	journal = {Systematic Reviews},
	volume = {3},
	number = {1},
	doi = {10.1186/2046-4053-3-18},
	url = {http://dx.doi.org/10.1186/2046-4053-3-18},
	langid = {en}
}

@article{Bernert2015,
	title = {Sleep Disturbances as an Evidence-Based Suicide Risk Factor},
	author = {Bernert, Rebecca A. and Kim, Joanne S. and Iwata, Naomi G. and Perlis, Michael L.},
	year = {2015},
	month = {02},
	date = {2015-02-21},
	journal = {Current Psychiatry Reports},
	volume = {17},
	number = {3},
	doi = {10.1007/s11920-015-0554-4},
	url = {http://dx.doi.org/10.1007/s11920-015-0554-4},
	langid = {en}
}

@article{Liu2019,
	title = {Associations between sleep disturbances and suicidal ideation, plans, and attempts in adolescents: a systematic review and meta-analysis},
	author = {Liu, Jen-Wei and Tu, Yu-Kang and Lai, Ying-Fan and Lee, Hsin-Chien and Tsai, Pei-Shan and Chen, Ting-Jhen and Huang, Hui-Chuan and Chen, Yu-Ting and Chiu, Hsiao-Yean},
	year = {2019},
	month = {03},
	date = {2019-03-07},
	journal = {Sleep},
	volume = {42},
	number = {6},
	doi = {10.1093/sleep/zsz054},
	url = {http://dx.doi.org/10.1093/sleep/zsz054},
	langid = {en}
}

@article{Liu2020,
	title = {Sleep and suicide: A systematic review and meta-analysis of longitudinal studies},
	author = {Liu, Richard T. and Steele, Stephanie J. and Hamilton, Jessica L. and Do, Quyen B.P. and Furbish, Kayla and Burke, Taylor A. and Martinez, Ashley P. and Gerlus, Nimesha},
	year = {2020},
	month = {11},
	date = {2020-11},
	journal = {Clinical Psychology Review},
	pages = {101895},
	volume = {81},
	doi = {10.1016/j.cpr.2020.101895},
	url = {http://dx.doi.org/10.1016/j.cpr.2020.101895},
	langid = {en}
}

@article{Murphy2020,
	title = {Risk factors for completed suicide among people who use drugs: A scoping review protocol},
	author = {Murphy, Lisa and Lyons, Suzi and {O'Sullivan}, Michael and Lynn, Ena},
	year = {2021},
	month = {05},
	date = {2021-05-17},
	journal = {HRB Open Research},
	pages = {45},
	volume = {3},
	doi = {10.12688/hrbopenres.13098.3},
	url = {http://dx.doi.org/10.12688/hrbopenres.13098.3},
	langid = {en}
}

@article{Wilcox2004,
	title = {Association of alcohol and drug use disorders and completed suicide: an empirical review of cohort studies},
	author = {Wilcox, Holly C. and Conner, Kenneth R. and Caine, Eric D.},
	year = {2004},
	month = {12},
	date = {2004-12},
	journal = {Drug and Alcohol Dependence},
	pages = {S11--S19},
	volume = {76},
	doi = {10.1016/j.drugalcdep.2004.08.003},
	url = {http://dx.doi.org/10.1016/j.drugalcdep.2004.08.003},
	langid = {en}
}

@article{Borges2010,
	title = {Psychiatric disorders, comorbidity, and suicidality in Mexico},
	author = {Borges, Guilherme and Nock, Matthew K. and Medina-Mora, Maria Elena and Hwang, Irving and Kessler, Ronald C.},
	year = {2010},
	month = {07},
	date = {2010-07},
	journal = {Journal of Affective Disorders},
	pages = {98--107},
	volume = {124},
	number = {1-2},
	doi = {10.1016/j.jad.2009.10.022},
	url = {http://dx.doi.org/10.1016/j.jad.2009.10.022},
	langid = {en}
}

@article{Borges2000,
	title = {Associations of Substance Use, Abuse, and Dependence with Subsequent Suicidal Behavior},
	author = {Borges, G. and Walters, E. E. and Kessler, R. C.},
	year = {2000},
	month = {04},
	date = {2000-04-15},
	journal = {American Journal of Epidemiology},
	pages = {781--789},
	volume = {151},
	number = {8},
	doi = {10.1093/oxfordjournals.aje.a010278},
	url = {http://dx.doi.org/10.1093/oxfordjournals.aje.a010278},
	langid = {en}
}

@article{Hawton2005,
	title = {Schizophrenia and suicide: Systematic review of risk factors},
	author = {Hawton, Keith and Sutton, Lesley and Haw, Camilla and Sinclair, Julia and Deeks, Jonathan J.},
	year = {2005},
	month = {07},
	date = {2005-07},
	journal = {British Journal of Psychiatry},
	pages = {9--20},
	volume = {187},
	number = {1},
	doi = {10.1192/bjp.187.1.9},
	url = {http://dx.doi.org/10.1192/bjp.187.1.9},
	langid = {en}
}

@article{Østergaard2017,
	title = {Associations between substance use disorders and suicide or suicide attempts in people with mental illness: a Danish nation-wide, prospective, register-based study of patients diagnosed with schizophrenia, bipolar disorder, unipolar depression or personal},
	author = {{Østergaard}, Marie L. D. and Nordentoft, Merete and {Hjorthøj}, Carsten},
	year = {2017},
	month = {03},
	date = {2017-03-14},
	journal = {Addiction},
	pages = {1250--1259},
	volume = {112},
	number = {7},
	doi = {10.1111/add.13788},
	url = {http://dx.doi.org/10.1111/add.13788},
	langid = {en}
}

@article{breslau2005,
	title = {Smoking and the Risk of Suicidal Behavior},
	author = {Breslau, Naomi and Schultz, Lonni R. and Johnson, Eric O. and Peterson, Edward L. and Davis, Glenn C.},
	year = {2005},
	month = {03},
	date = {2005-03-01},
	journal = {Archives of General Psychiatry},
	pages = {328},
	volume = {62},
	number = {3},
	doi = {10.1001/archpsyc.62.3.328},
	url = {http://dx.doi.org/10.1001/archpsyc.62.3.328},
	langid = {en}
}

@article{Sankaranarayanan2015,
	title = {Smoking, Suicidality and Psychosis: A Systematic Meta-Analysis},
	author = {Sankaranarayanan, Anoop and Mancuso, Serafino and Wilding, Helen and Ghuloum, Suhaila and Castle, David},
	editor = {Tran, Ulrich S},
	year = {2015},
	month = {09},
	date = {2015-09-15},
	journal = {PLOS ONE},
	pages = {e0138147},
	volume = {10},
	number = {9},
	doi = {10.1371/journal.pone.0138147},
	url = {http://dx.doi.org/10.1371/journal.pone.0138147},
	langid = {en}
}

@article{Malone2003,
	title = {Cigarette Smoking, Suicidal Behavior, and Serotonin Function in Major Psychiatric Disorders},
	author = {Malone, Kevin M. and Waternaux, Christine and Haas, Gretchen L. and Cooper, Thomas B. and Li, Shuhua and Mann, J. John},
	year = {2003},
	month = {04},
	date = {2003-04},
	journal = {American Journal of Psychiatry},
	pages = {773--779},
	volume = {160},
	number = {4},
	doi = {10.1176/appi.ajp.160.4.773},
	url = {http://dx.doi.org/10.1176/appi.ajp.160.4.773},
	langid = {en}
}

@article{Kühn2010,
	title = {Reduced Thickness of Medial Orbitofrontal Cortex in Smokers},
	author = {{Kühn}, Simone and Schubert, Florian and Gallinat, {Jürgen}},
	year = {2010},
	month = {12},
	date = {2010-12},
	journal = {Biological Psychiatry},
	pages = {1061--1065},
	volume = {68},
	number = {11},
	doi = {10.1016/j.biopsych.2010.08.004},
	url = {http://dx.doi.org/10.1016/j.biopsych.2010.08.004},
	langid = {en}
}

@article{wu2017,
	title = {Comparison of Suicide Attempts/Behaviors Following Smoking Cessation Treatments Among Schizophrenic Smokers},
	author = {Wu, I-Hsuan and Chen, Hua and Bordnick, Patrick and Essien, Ekere James and Johnson, Michael and Peters, Ronald J. and Wang, Xin and Abughosh, Susan M.},
	year = {2017},
	month = {02},
	date = {2017-02},
	journal = {Archives of Psychiatric Nursing},
	pages = {62--67},
	volume = {31},
	number = {1},
	doi = {10.1016/j.apnu.2016.08.001},
	url = {http://dx.doi.org/10.1016/j.apnu.2016.08.001},
	langid = {en}
}

@article{rhee2021,
	title = {Association of ECT With Risks of All-Cause Mortality and Suicide in Older Medicare Patients},
	author = {Rhee, Taeho Greg and Sint, Kyaw and Olfson, Mark and Gerhard, Tobias and H. Busch, Susan and Wilkinson, Samuel T.},
	year = {2021},
	month = {12},
	date = {2021-12},
	journal = {American Journal of Psychiatry},
	pages = {1089--1097},
	volume = {178},
	number = {12},
	doi = {10.1176/appi.ajp.2021.21040351},
	url = {http://dx.doi.org/10.1176/appi.ajp.2021.21040351},
	langid = {en}
}

@article{Chung2017,
	title = {Suicide Rates After Discharge From Psychiatric Facilities},
	author = {Chung, Daniel Thomas and Ryan, Christopher James and Hadzi-Pavlovic, Dusan and Singh, Swaran Preet and Stanton, Clive and Large, Matthew Michael},
	year = {2017},
	month = {07},
	date = {2017-07-01},
	journal = {JAMA Psychiatry},
	pages = {694},
	volume = {74},
	number = {7},
	doi = {10.1001/jamapsychiatry.2017.1044},
	url = {http://dx.doi.org/10.1001/jamapsychiatry.2017.1044},
	langid = {en}
}

@article{Qin2005,
	title = {Suicide Risk in Relation to Psychiatric Hospitalization},
	author = {Qin, Ping and Nordentoft, Merete},
	year = {2005},
	month = {04},
	date = {2005-04-01},
	journal = {Archives of General Psychiatry},
	pages = {427},
	volume = {62},
	number = {4},
	doi = {10.1001/archpsyc.62.4.427},
	url = {http://dx.doi.org/10.1001/archpsyc.62.4.427},
	langid = {en}
}

@article{Cem2001,
	title = {The Relationship of Akathisia With Suicidality and Depersonalization Among Patients With Schizophrenia},
	author = {{Cem Atba{\c{s}}oglu}, E. and Schultz, Susan K. and Andreasen, Nancy C.},
	year = {2001},
	month = {08},
	date = {2001-08},
	journal = {The Journal of Neuropsychiatry and Clinical Neurosciences},
	pages = {336--341},
	volume = {13},
	number = {3},
	doi = {10.1176/jnp.13.3.336},
	url = {http://dx.doi.org/10.1176/jnp.13.3.336},
	langid = {en}
}

@article{mihanovic2010,
	title = {Suicidality and side effects of antidepressants and antipsychotics},
	author = {{Mihanovi{\'{c}}}, Mate and {Restek-Petrovi{\'{c}}}, Branka and Bodor, Davor and Molnar, Sven and {Oreskovi{\'{c}}}, Ante and Presecki, Paola},
	year = {2010},
	month = {03},
	date = {2010-03},
	journal = {Psychiatria Danubina},
	pages = {79--84},
	volume = {22},
	number = {1},
	note = {PMID: 20305596},
	langid = {eng}
}

@article{Seemüller2012,
	title = {The Relationship of Akathisia with Treatment Emergent Suicidality among Patients with First-Episode Schizophrenia Treated with Haloperidol or Risperidone},
	author = {{Seemüller}, F. and Lewitzka, U. and Bauer, M. and Meyer, S. and Musil, R. and Schennach, R. and Riedel, M. and Doucette, S. and {Möller}, H.-J.},
	year = {2012},
	month = {05},
	date = {2012-05-21},
	journal = {Pharmacopsychiatry},
	pages = {292--296},
	volume = {45},
	number = {07},
	doi = {10.1055/s-0032-1309004},
	url = {http://dx.doi.org/10.1055/s-0032-1309004},
	langid = {en}
}

@article{Shear1983,
	title = {Suicide Associated with Akathisia and Depot Fluphenazine Treatment},
	author = {SHEAR, M. KATHERINE and FRANCES, ALLEN and WEIDDN, PETER},
	year = {1983},
	month = {08},
	date = {1983-08},
	journal = {Journal of Clinical Psychopharmacology},
	pages = {235},
	volume = {3},
	number = {4},
	doi = {10.1097/00004714-198308000-00006},
	url = {http://dx.doi.org/10.1097/00004714-198308000-00006},
	langid = {en}
}

@article{Cheng2013,
	title = {Akathisia: a life-threatening side effect of a common medication},
	author = {Cheng, H. M. and Park, J. H. and Hernstadt, D.},
	year = {2013},
	month = {05},
	date = {2013-05-21},
	journal = {Case Reports},
	pages = {bcr2012007713--bcr2012007713},
	volume = {2013},
	number = {may21 1},
	doi = {10.1136/bcr-2012-007713},
	url = {http://dx.doi.org/10.1136/bcr-2012-007713},
	langid = {en}
}

@article{Kalniunas2021,
	title = {The Relationship Between Antipsychotic-Induced Akathisia and Suicidal Behaviour: A Systematic Review},
	author = {Kalniunas, Arturas and Chakrabarti, Ipsita and Mandalia, Rakhee and Munjiza, Jasna and Pappa, Sofia},
	year = {2021},
	month = {12},
	date = {2021-12},
	journal = {Neuropsychiatric Disease and Treatment},
	pages = {3489--3497},
	volume = {Volume 17},
	doi = {10.2147/ndt.s337785},
	url = {http://dx.doi.org/10.2147/NDT.S337785},
	langid = {en}
}

@article{Basu2006,
	title = {Dose-dependent rapid-onset akathisia with aripiprazole in patients with schizoaffective disorder},
	author = {Basu, Ranita and Brar, Jaspreet S},
	year = {2006},
	month = {01},
	date = {2006-01},
	journal = {Neuropsychiatric Disease and Treatment},
	pages = {241--243},
	volume = {2},
	number = {2},
	doi = {10.2147/nedt.2006.2.2.241},
	url = {http://dx.doi.org/10.2147/nedt.2006.2.2.241},
	langid = {en}
}

@article{padder2006,
	title = {Acute akathisia with suicidal ideation associated with low dose aripiprazole},
	author = {Padder, Tanveer and Skodnek, Kenneth and Hashmi, Seema and Samad, Majid and Udyawar, Aparna and Azhar, Nouman and Jaghab, Kamil},
	year = {2006},
	month = {04},
	date = {2006-04},
	journal = {Psychiatry (Edgmont (Pa.: Township))},
	pages = {40--43},
	volume = {3},
	number = {4},
	note = {PMID: 21103170
PMCID: PMC2990567},
	langid = {eng}
}

@article{pondé2015,
	title = {Increased Anxiety, Akathisia, and Suicidal Thoughts in Patients with Mood Disorder on Aripiprazole and Lamotrigine},
	author = {{Pondé}, Milena Pereira and Freire, Antonio Carlos Cruz},
	year = {2015},
	date = {2015},
	journal = {Case Reports in Psychiatry},
	pages = {1--4},
	volume = {2015},
	doi = {10.1155/2015/419746},
	url = {http://dx.doi.org/10.1155/2015/419746},
	langid = {en}
}

@article{Ulcickas2010,
	title = {Epidemiologic study of aripiprazole use and the incidence of suicide events},
	author = {Ulcickas Yood, Marianne and DeLorenze, Gerald and Quesenberry, Charles P. and Tsai, Ai-Lin and Phillips, Syd and Willey, Vincent J. and Niemcryk, Steve J. and Wells, Karen and Skovron, Mary Lou and Cziraky, Mark J. and Carson, William and Oliveria, Susan A.},
	year = {2010},
	month = {10},
	date = {2010-10-05},
	journal = {Pharmacoepidemiology and Drug Safety},
	pages = {1124--1130},
	volume = {19},
	number = {11},
	doi = {10.1002/pds.2047},
	url = {http://dx.doi.org/10.1002/pds.2047},
	langid = {en}
}

@article{montastruc2019,
	title = {Association of Aripiprazole With the Risk for Psychiatric Hospitalization, Self-harm, or Suicide},
	author = {Montastruc, {François} and Nie, Rui and Loo, Simone and Rej, Soham and {Dell{\textquoteright}Aniello}, Sophie and Micallef, {Joëlle} and Suissa, Samy and Renoux, Christel},
	year = {2019},
	month = {04},
	date = {2019-04-01},
	journal = {JAMA Psychiatry},
	pages = {409},
	volume = {76},
	number = {4},
	doi = {10.1001/jamapsychiatry.2018.4149},
	url = {http://dx.doi.org/10.1001/jamapsychiatry.2018.4149},
	langid = {en}
}

@article{Reutfors2016,
	title = {Suicide risk and antipsychotic side effects in schizophrenia: nested case-control study},
	author = {Reutfors, Johan and Clapham, Eric and Bahmanyar, Shahram and Brandt, Lena and {Jönsson}, Erik G. and Ekbom, Anders and {Bodén}, Robert and {Ösby}, Urban},
	year = {2016},
	month = {04},
	date = {2016-04-25},
	journal = {Human Psychopharmacology: Clinical and Experimental},
	pages = {341--345},
	volume = {31},
	number = {4},
	doi = {10.1002/hup.2536},
	url = {http://dx.doi.org/10.1002/hup.2536},
	langid = {en}
}

@article{Statham1998,
	title = {Suicidal behaviour: an epidemiological and genetic study},
	author = {STATHAM, D. J. and HEATH, A. C. and MADDEN, P. A. F. and BUCHOLZ, K. K. and BIERUT, L. and DINWIDDIE, S. H. and SLUTSKE, W. S. and DUNNE, M. P. and MARTIN, N. G.},
	year = {1998},
	month = {07},
	date = {1998-07},
	journal = {Psychological Medicine},
	pages = {839--855},
	volume = {28},
	number = {4},
	doi = {10.1017/s0033291798006916},
	url = {http://dx.doi.org/10.1017/s0033291798006916},
	langid = {en}
}

@article{McGuffin2010,
	title = {The genetics of affective disorder and suicide},
	author = {McGuffin, P. and Perroud, N. and Uher, R. and Butlera, A. and Aitchison, K.J. and Craig, I. and Lewis, C. and Farmer, A.},
	year = {2010},
	month = {06},
	date = {2010-06},
	journal = {European Psychiatry},
	pages = {275--277},
	volume = {25},
	number = {5},
	doi = {10.1016/j.eurpsy.2009.12.012},
	url = {http://dx.doi.org/10.1016/j.eurpsy.2009.12.012},
	langid = {en}
}

@article{Trémeau2005,
	title = {Suicide Attempts and Family History of Suicide in Three Psychiatric Populations},
	author = {{Trémeau}, Fabien and Staner, Luc and Duval, Fabrice and {Corrêa}, Humberto and Crocq, Marc-Antoine and Darreye, {Angélina} and Czobor, Pal and Dessoubrais, {Cécile} and Macher, Jean-Paul},
	year = {2005},
	month = {12},
	date = {2005-12},
	journal = {Suicide and Life-Threatening Behavior},
	pages = {702--713},
	volume = {35},
	number = {6},
	doi = {10.1521/suli.2005.35.6.702},
	url = {http://dx.doi.org/10.1521/suli.2005.35.6.702},
	langid = {en}
}

@article{Mittendorfer-Rutz2008,
	title = {Familial clustering of suicidal behaviour and psychopathology in young suicide attempters},
	author = {Mittendorfer-Rutz, Ellenor and Rasmussen, Finn and Wasserman, Danuta},
	year = {2007},
	month = {10},
	date = {2007-10-12},
	journal = {Social Psychiatry and Psychiatric Epidemiology},
	pages = {28--36},
	volume = {43},
	number = {1},
	doi = {10.1007/s00127-007-0266-0},
	url = {http://dx.doi.org/10.1007/s00127-007-0266-0},
	langid = {en}
}

@article{Stenager2008,
	title = {Individual and parental psychiatric history and risk for suicide among adolescents and young adults in Denmark},
	author = {Stenager, Kirstina and Qin, Ping},
	year = {2008},
	month = {06},
	date = {2008-06-20},
	journal = {Social Psychiatry and Psychiatric Epidemiology},
	pages = {920--926},
	volume = {43},
	number = {11},
	doi = {10.1007/s00127-008-0385-2},
	url = {http://dx.doi.org/10.1007/s00127-008-0385-2},
	langid = {en}
}

@article{Webb2007,
	title = {Death by Unnatural Causes During Childhood and Early Adulthood in Offspring of Psychiatric Inpatients},
	author = {Webb, Roger T. and Pickles, Andrew R. and Appleby, Louis and Mortensen, Preben B. and Abel, Kathryn M.},
	year = {2007},
	month = {03},
	date = {2007-03-01},
	journal = {Archives of General Psychiatry},
	pages = {345},
	volume = {64},
	number = {3},
	doi = {10.1001/archpsyc.64.3.345},
	url = {http://dx.doi.org/10.1001/archpsyc.64.3.345},
	langid = {en}
}

@article{Bani-Fatemi2018,
	title = {Epigenome-wide association study of suicide attempt in schizophrenia},
	author = {Bani-Fatemi, Ali and Jeremian, Richie and Wang, Kevin Z. and Silveira, Jose and Zai, Clement and Kolla, Nathan J. and Graff, Ariel and Gerretsen, Philip and Strauss, John and De Luca, Vincenzo},
	year = {2018},
	month = {09},
	date = {2018-09},
	journal = {Journal of Psychiatric Research},
	pages = {192--197},
	volume = {104},
	doi = {10.1016/j.jpsychires.2018.07.011},
	url = {http://dx.doi.org/10.1016/j.jpsychires.2018.07.011},
	langid = {en}
}

@article{bani-fatemi2020,
	title = {Global DNA methylation in suicidal ideation and suicide attempt in schizophrenia},
	author = {Bani-Fatemi, Ali and Raymond, Roger and Adanty, Christopher and Dai, Nasia and Gerretsen, Philip and Graff, Ariel and Nobrega, Jose N. and De Luca, Vincenzo},
	year = {2020},
	month = {12},
	date = {2020-12-30},
	journal = {Psychiatric Genetics},
	pages = {65--71},
	volume = {31},
	number = {2},
	doi = {10.1097/ypg.0000000000000273},
	url = {http://dx.doi.org/10.1097/YPG.0000000000000273},
	langid = {en}
}

@article{Giakoumatos2013,
	title = {Are structural brain abnormalities associated with suicidal behavior in patients with psychotic disorders?},
	author = {Giakoumatos, Christoforos I. and Tandon, Neeraj and Shah, Jai and Mathew, Ian T. and Brady, Roscoe O. and Clementz, Brett A. and Pearlson, Godfrey D. and Thaker, Gunvant K. and Tamminga, Carol A. and Sweeney, John A. and Keshavan, Matcheri S.},
	year = {2013},
	month = {10},
	date = {2013-10},
	journal = {Journal of Psychiatric Research},
	pages = {1389--1395},
	volume = {47},
	number = {10},
	doi = {10.1016/j.jpsychires.2013.06.011},
	url = {http://dx.doi.org/10.1016/j.jpsychires.2013.06.011},
	langid = {en}
}

@article{Girgis2020,
	title = {The neurobiology of suicide in psychosis: A systematic review},
	author = {Girgis, Ragy R},
	year = {2020},
	month = {07},
	date = {2020-07-08},
	journal = {Journal of Psychopharmacology},
	pages = {811--819},
	volume = {34},
	number = {8},
	doi = {10.1177/0269881120936919},
	url = {http://dx.doi.org/10.1177/0269881120936919},
	langid = {en}
}
