
@article{Chan2016,
	title = {Predicting suicide following self-harm: systematic review of risk factors and risk scales},
	author = {Chan, Melissa K. Y. and Bhatti, Henna and Meader, Nick and Stockton, Sarah and Evans, Jonathan and {O'Connor}, Rory C. and Kapur, Nav and Kendall, Tim},
	year = {2016},
	month = {10},
	date = {2016-10},
	journal = {British Journal of Psychiatry},
	pages = {277--283},
	volume = {209},
	number = {4},
	doi = {10.1192/bjp.bp.115.170050},
	url = {http://dx.doi.org/10.1192/bjp.bp.115.170050},
	langid = {en}
}

@article{Barak-Corren2017,
	title = {Predicting Suicidal Behavior From Longitudinal Electronic Health Records},
	author = {Barak-Corren, Yuval and Castro, Victor M. and Javitt, Solomon and Hoffnagle, Alison G. and Dai, Yael and Perlis, Roy H. and Nock, Matthew K. and Smoller, Jordan W. and Reis, Ben Y.},
	year = {2017},
	month = {02},
	date = {2017-02},
	journal = {American Journal of Psychiatry},
	pages = {154--162},
	volume = {174},
	number = {2},
	doi = {10.1176/appi.ajp.2016.16010077},
	url = {http://dx.doi.org/10.1176/appi.ajp.2016.16010077},
	langid = {en}
}

@article{balbuena2022,
	title = {Identifying long-term and imminent suicide predictors in a general population and a clinical sample with machine learning},
	author = {Balbuena, Lloyd D. and Baetz, Marilyn and Sexton, Joseph Andrew and Harder, Douglas and Feng, Cindy Xin and Boctor, Kerstina and LaPointe, Candace and Letwiniuk, Elizabeth and Shamloo, Arash and Ishwaran, Hemant and John, Ann and {Brantsæter}, Anne Lise},
	year = {2022},
	month = {02},
	date = {2022-02-15},
	journal = {BMC Psychiatry},
	volume = {22},
	number = {1},
	doi = {10.1186/s12888-022-03702-y},
	url = {http://dx.doi.org/10.1186/s12888-022-03702-y},
	langid = {en}
}

@article{dhotman2020,
	title = {AI enabled suicide prediction tools: a qualitative narrative review},
	author = {{D{\textquoteright}Hotman}, Daniel and Loh, Erwin},
	year = {2020},
	month = {10},
	date = {2020-10},
	journal = {BMJ Health & Care Informatics},
	pages = {e100175},
	volume = {27},
	number = {3},
	doi = {10.1136/bmjhci-2020-100175},
	url = {http://dx.doi.org/10.1136/bmjhci-2020-100175},
	langid = {en}
}

@article{Fowler2012,
	title = {Suicide risk assessment in clinical practice: Pragmatic guidelines for imperfect assessments.},
	author = {Fowler, James Christopher},
	year = {2012},
	date = {2012},
	journal = {Psychotherapy},
	pages = {81--90},
	volume = {49},
	number = {1},
	doi = {10.1037/a0026148},
	url = {http://dx.doi.org/10.1037/a0026148},
	langid = {en}
}

@article{Kapur2013,
	title = {Does Clinical Management Improve Outcomes following Self-Harm? Results from the Multicentre Study of Self-Harm in England},
	author = {Kapur, Nav and Steeg, Sarah and Webb, Roger and Haigh, Matthew and Bergen, Helen and Hawton, Keith and Ness, Jennifer and Waters, Keith and Cooper, Jayne},
	editor = {Laks, Jerson},
	year = {2013},
	month = {08},
	date = {2013-08-01},
	journal = {PLoS ONE},
	pages = {e70434},
	volume = {8},
	number = {8},
	doi = {10.1371/journal.pone.0070434},
	url = {http://dx.doi.org/10.1371/journal.pone.0070434},
	langid = {en}
}

@article{Beck1988,
	title = {Scale for suicide ideation: Psychometric properties of a self-report version},
	author = {Beck, Aaron T. and Steer, Robert A. and Ranieri, William F.},
	year = {1988},
	month = {07},
	date = {1988-07},
	journal = {Journal of Clinical Psychology},
	pages = {499--505},
	volume = {44},
	number = {4},
	doi = {10.1002/1097-4679(198807)44:4<499::aid-jclp2270440404>3.0.co;2-6},
	url = {http://dx.doi.org/10.1002/1097-4679(198807)44:4<499::aid-jclp2270440404>3.0.co;2-6},
	langid = {en}
}

@article{Posner2011,
	title = {The Columbia{\textendash}Suicide Severity Rating Scale: Initial Validity and Internal Consistency Findings From Three Multisite Studies With Adolescents and Adults},
	author = {Posner, Kelly and Brown, Gregory K. and Stanley, Barbara and Brent, David A. and Yershova, Kseniya V. and Oquendo, Maria A. and Currier, Glenn W. and Melvin, Glenn A. and Greenhill, Laurence and Shen, Sa and Mann, J. John},
	year = {2011},
	month = {12},
	date = {2011-12},
	journal = {American Journal of Psychiatry},
	pages = {1266--1277},
	volume = {168},
	number = {12},
	doi = {10.1176/appi.ajp.2011.10111704},
	url = {http://dx.doi.org/10.1176/appi.ajp.2011.10111704},
	langid = {en}
}

@article{Taiminen2001,
	title = {The Schizophrenia Suicide Risk Scale (SSRS): development and initial validation},
	author = {Taiminen, Tero and Huttunen, Jukka and {Heilä}, Hannele and Henriksson, Markus and {Isometsä}, Erkki and {Kähkönen}, Jouko and Tuominen, Kenneth and {Lönnqvist}, Jouko and Addington, Donald and Helenius, Hans},
	year = {2001},
	month = {03},
	date = {2001-03},
	journal = {Schizophrenia Research},
	pages = {199--213},
	volume = {47},
	number = {2-3},
	doi = {10.1016/s0920-9964(00)00126-2},
	url = {http://dx.doi.org/10.1016/s0920-9964(00)00126-2},
	langid = {en}
}

@article{Lindenmayer2003,
	title = {The InterSePT scale for suicidal thinking reliability and validity},
	author = {Lindenmayer, J.P and Czobor, Pal and Alphs, Larry and Nathan, Ann-Marie and Anand, Ravi and Islam, Zahur and Chou, James C.Y},
	year = {2003},
	month = {09},
	date = {2003-09},
	journal = {Schizophrenia Research},
	pages = {161--170},
	volume = {63},
	number = {1-2},
	doi = {10.1016/s0920-9964(02)00335-3},
	url = {http://dx.doi.org/10.1016/s0920-9964(02)00335-3},
	langid = {en}
}

@article{Andreotti2020,
	title = {Instruments to assess suicide risk: a systematic review},
	author = {Andreotti, Ezequiel T. and Ipuchima, Jaqueline R. and Cazella, {Silvio César} and Beria, Pedro and Bortoncello, {Cristiane Flôres} and Silveira, Richard Chuquel and {Ferrão}, Ygor Arzeno},
	year = {2020},
	month = {09},
	date = {2020-09},
	journal = {Trends in Psychiatry and Psychotherapy},
	pages = {276--281},
	volume = {42},
	number = {3},
	doi = {10.1590/2237-6089-2019-0092},
	url = {http://dx.doi.org/10.1590/2237-6089-2019-0092}
}

@article{giddens2014,
	title = {The Columbia-Suicide Severity Rating Scale (C-SSRS): Has the {"}Gold Standard{"} Become a Liability?},
	author = {Giddens, Jennifer M. and Sheehan, Kathy Harnett and Sheehan, David V.},
	year = {2014},
	month = {09},
	date = {2014-09},
	journal = {Innovations in Clinical Neuroscience},
	pages = {66--80},
	volume = {11},
	number = {9-10},
	note = {PMID: 25520890
PMCID: PMC4267801},
	langid = {eng}
}

@article{Mundt2013,
	title = {Prediction of Suicidal Behavior in Clinical Research by Lifetime Suicidal Ideation and Behavior Ascertained by the Electronic Columbia-Suicide Severity Rating Scale},
	author = {Mundt, James C. and Greist, John H. and Jefferson, James W. and Federico, Michael and Mann, J. John and Posner, Kelly},
	year = {2013},
	month = {07},
	date = {2013-07-16},
	journal = {The Journal of Clinical Psychiatry},
	pages = {887--893},
	volume = {74},
	number = {09},
	doi = {10.4088/jcp.13m08398},
	url = {http://dx.doi.org/10.4088/JCP.13m08398}
}

@article{Madan2016,
	title = {Psychometric Reevaluation of the Columbia{\textendash}Suicide Severity Rating Scale},
	author = {Madan, Alok and Frueh, B. Christopher and Allen, Jon G. and Ellis, Thomas E. and Rufino, Katrina A. and Oldham, John M. and Fowler, J. Christopher},
	year = {2016},
	month = {07},
	date = {2016-07-27},
	journal = {The Journal of Clinical Psychiatry},
	pages = {e867--e873},
	volume = {77},
	number = {07},
	doi = {10.4088/jcp.15m10069},
	url = {http://dx.doi.org/10.4088/JCP.15m10069}
}

@article{salvi2019,
	title = {Calculated Decisions: Columbia-Suicide Severity Rating Scale (C-SSRS)},
	author = {Salvi, Joshua},
	year = {2019},
	month = {05},
	date = {2019-05-01},
	journal = {Emergency Medicine Practice},
	pages = {CD3--4},
	volume = {21},
	number = {5},
	note = {PMID: 31039299
PMCID: PMC7974826},
	langid = {eng}
}

@article{Pompili2008,
	title = {Assessment and treatment of suicide risk in schizophrenia},
	author = {Pompili, Maurizio and Lester, David and Innamorati, Marco and Tatarelli, Roberto and Girardi, Paolo},
	year = {2008},
	month = {01},
	date = {2008-01},
	journal = {Expert Review of Neurotherapeutics},
	pages = {51--74},
	volume = {8},
	number = {1},
	doi = {10.1586/14737175.8.1.51},
	url = {http://dx.doi.org/10.1586/14737175.8.1.51},
	langid = {en}
}

@article{Roy2009,
	title = {Management of Schizophrenia with Suicide Risk},
	author = {Roy, Alec and Pompili, Maurizio},
	year = {2009},
	month = {12},
	date = {2009-12},
	journal = {Psychiatric Clinics of North America},
	pages = {863--883},
	volume = {32},
	number = {4},
	doi = {10.1016/j.psc.2009.08.005},
	url = {http://dx.doi.org/10.1016/j.psc.2009.08.005},
	langid = {en}
}

@article{Kasckow2011,
	title = {Managing Suicide Risk in Patients with Schizophrenia},
	author = {Kasckow, John and Felmet, Kandi and Zisook, Sidney},
	year = {2011},
	month = {02},
	date = {2011-02},
	journal = {CNS Drugs},
	pages = {129--143},
	volume = {25},
	number = {2},
	doi = {10.2165/11586450-000000000-00000},
	url = {http://dx.doi.org/10.2165/11586450-000000000-00000},
	langid = {en}
}

@article{Yamaguchi2015,
	title = {Differences between subjective experiences and observed behaviors in near-fatal suicide attempters with untreated schizophrenia: a qualitative pilot study},
	author = {Yamaguchi, Taiju and Fujii, Chiyo and Nemoto, Takahiro and Tsujino, Naohisa and Takeshi, Kiyoaki and Mizuno, Masafumi},
	year = {2015},
	month = {04},
	date = {2015-04-15},
	journal = {Annals of General Psychiatry},
	volume = {14},
	number = {1},
	doi = {10.1186/s12991-015-0055-1},
	url = {http://dx.doi.org/10.1186/s12991-015-0055-1},
	langid = {en}
}

@article{Fink2014,
	title = {The Role of ECT in Suicide Prevention},
	author = {Fink, Max and Kellner, Charles H. and McCall, W. Vaughn},
	year = {2014},
	month = {03},
	date = {2014-03},
	journal = {The Journal of ECT},
	pages = {5--9},
	volume = {30},
	number = {1},
	doi = {10.1097/yct.0b013e3182a6ad0d},
	url = {http://dx.doi.org/10.1097/YCT.0b013e3182a6ad0d},
	langid = {en}
}

@article{kellner2016,
	title = {Electroconvulsive Therapy (ECT) and Suicide Prevention},
	author = {Kellner, Charles H. and Li, Erin H. and Farber, Kate G. and Geduldig, Emma T. and Ahle, Gabriella M.},
	year = {2016},
	month = {02},
	date = {2016-02-12},
	journal = {Current Treatment Options in Psychiatry},
	pages = {73--81},
	volume = {3},
	number = {1},
	doi = {10.1007/s40501-016-0067-8},
	url = {http://dx.doi.org/10.1007/s40501-016-0067-8},
	langid = {en}
}

@article{kim2019,
	title = {A social psychiatric approach to suicide prevention},
	author = {Kim, Sung-Wan and Jhon, Min and Kim, Mina and Paik, Jong-Woo and Kim, Jae-Min and Yoon, Jin-Sang},
	year = {2019},
	date = {2019},
	journal = {Journal of the Korean Medical Association},
	pages = {93},
	volume = {62},
	number = {2},
	doi = {10.5124/jkma.2019.62.2.93},
	url = {http://dx.doi.org/10.5124/jkma.2019.62.2.93},
	langid = {ko}
}

@article{Sher2019,
	title = {Suicide in Schizophrenia: An Educational Overview},
	author = {Sher, Leo and Kahn, {René S.}},
	year = {2019},
	month = {07},
	date = {2019-07-10},
	journal = {Medicina},
	pages = {361},
	volume = {55},
	number = {7},
	doi = {10.3390/medicina55070361},
	url = {http://dx.doi.org/10.3390/medicina55070361},
	langid = {en}
}

@article{pompili2007,
	title = {Suicide risk in schizophrenia: learning from the past to change the future},
	author = {Pompili, Maurizio and Amador, Xavier F. and Girardi, Paolo and Harkavy-Friedman, Jill and Harrow, Martin and Kaplan, Kalman and Krausz, Michael and Lester, David and Meltzer, Herbert Y. and Modestin, Jiri and Montross, Lori P. and Mortensen, Preben Bo and {Munk-Jørgensen}, Povl and Nielsen, Jimmi and Nordentoft, Merete and Saarinen, Pirjo Irmeli and Zisook, Sidney and Wilson, Scott T. and Tatarelli, Roberto},
	year = {2007},
	month = {03},
	date = {2007-03-16},
	journal = {Annals of General Psychiatry},
	pages = {10},
	volume = {6},
	doi = {10.1186/1744-859X-6-10},
	note = {PMID: 17367524
PMCID: PMC1845151},
	langid = {eng}
}

@article{talyoung2012,
	title = {Suicide bereavement and complicated grief},
	author = {Tal Young, Ilanit and Iglewicz, Alana and Glorioso, Danielle and Lanouette, Nicole and Seay, Kathryn and Ilapakurti, Manjusha and Zisook, Sidney},
	year = {2012},
	month = {06},
	date = {2012-06-30},
	journal = {Dialogues in Clinical Neuroscience},
	pages = {177--186},
	volume = {14},
	number = {2},
	doi = {10.31887/dcns.2012.14.2/iyoung},
	url = {http://dx.doi.org/10.31887/DCNS.2012.14.2/iyoung},
	langid = {en}
}

@article{Crosby2002,
	title = {Exposure to Suicide: Incidence and Association with Suicidal Ideation and Behavior: United States, 1994},
	author = {Crosby, Alex E. and Sacks, Jeffrey J.},
	year = {2002},
	month = {09},
	date = {2002-09},
	journal = {Suicide and Life-Threatening Behavior},
	pages = {321--328},
	volume = {32},
	number = {3},
	doi = {10.1521/suli.32.3.321.22170},
	url = {http://dx.doi.org/10.1521/suli.32.3.321.22170},
	langid = {en}
}

@article{witt2021,
	title = {Psychosocial interventions for self-harm in adults},
	author = {Witt, Katrina G and Hetrick, Sarah E and Rajaram, Gowri and Hazell, Philip and Taylor Salisbury, Tatiana L and Townsend, Ellen and Hawton, Keith},
	editor = {, },
	year = {2021},
	month = {04},
	date = {2021-04-22},
	journal = {Cochrane Database of Systematic Reviews},
	volume = {2021},
	number = {4},
	doi = {10.1002/14651858.cd013668.pub2},
	url = {http://dx.doi.org/10.1002/14651858.CD013668.pub2},
	langid = {en}
}

@article{Johnson2008,
	title = {Suicide risk in schizophrenia: Explanatory models and clinical implications, The Schematic Appraisal Model of Suicide (SAMS)},
	author = {Johnson, Judith and Gooding, Patricia and Tarrier, Nicholas},
	year = {2008},
	month = {03},
	date = {2008-03},
	journal = {Psychology and Psychotherapy: Theory, Research and Practice},
	pages = {55--77},
	volume = {81},
	number = {1},
	doi = {10.1348/147608307x244996},
	url = {http://dx.doi.org/10.1348/147608307X244996},
	langid = {en}
}

@article{OConnor2018,
	title = {The integrated motivational{\textendash}volitional model of suicidal behaviour},
	author = {{O'Connor}, Rory C. and Kirtley, Olivia J.},
	year = {2018},
	month = {07},
	date = {2018-07-16},
	journal = {Philosophical Transactions of the Royal Society B: Biological Sciences},
	pages = {20170268},
	volume = {373},
	number = {1754},
	doi = {10.1098/rstb.2017.0268},
	url = {http://dx.doi.org/10.1098/rstb.2017.0268},
	langid = {en}
}

@book{tarrier2013,
	title = {Cognitive Behavioural Prevention of Suicide in Psychosis},
	author = {Tarrier, Nicholas and Gooding, Patricia and Pratt, Daniel and Kelly, James and Awenat, Yvonne and Maxwell, Janet},
	year = {2013},
	month = {03},
	date = {2013-03-05},
	publisher = {Routledge},
	doi = {10.4324/9780203066881},
	url = {http://dx.doi.org/10.4324/9780203066881}
}

@article{Tarrier2014,
	title = {The cognitive behavioural prevention of suicide in psychosis: A clinical trial},
	author = {Tarrier, Nicholas and Kelly, James and Maqsood, Sehar and Snelson, Natasha and Maxwell, Janet and Law, Heather and Dunn, Graham and Gooding, Patricia},
	year = {2014},
	month = {07},
	date = {2014-07},
	journal = {Schizophrenia Research},
	pages = {204--210},
	volume = {156},
	number = {2-3},
	doi = {10.1016/j.schres.2014.04.029},
	url = {http://dx.doi.org/10.1016/j.schres.2014.04.029},
	langid = {en}
}

@article{Donker2013,
	title = {Suicide prevention in schizophrenia spectrum disorders and psychosis: a systematic review},
	author = {Donker, Tara and Calear, Alison and Grant, Janie Busby and van Spijker, Bregje and Fenton, Katherine and Hehir, Kanupriya Kalia and Cuijpers, Pim and Christensen, Helen},
	year = {2013},
	month = {04},
	date = {2013-04-30},
	journal = {BMC Psychology},
	volume = {1},
	number = {1},
	doi = {10.1186/2050-7283-1-6},
	url = {http://dx.doi.org/10.1186/2050-7283-1-6},
	langid = {en}
}

@article{Witt2021,
	title = {Pharmacological interventions for self-harm in adults},
	author = {Witt, Katrina G and Hetrick, Sarah E and Rajaram, Gowri and Hazell, Philip and Taylor Salisbury, Tatiana L and Townsend, Ellen and Hawton, Keith},
	editor = {, },
	year = {2021},
	month = {01},
	date = {2021-01-10},
	journal = {Cochrane Database of Systematic Reviews},
	volume = {2021},
	number = {3},
	doi = {10.1002/14651858.cd013669.pub2},
	url = {http://dx.doi.org/10.1002/14651858.CD013669.pub2},
	langid = {en}
}

@article{Hawton2015,
	title = {Pharmacological interventions for self-harm in adults},
	author = {Hawton, Keith and Witt, Katrina G and Taylor Salisbury, Tatiana L and Arensman, Ella and Gunnell, David and Hazell, Philip and Townsend, Ellen and van Heeringen, Kees},
	editor = {, },
	year = {2015},
	month = {07},
	date = {2015-07-06},
	journal = {Cochrane Database of Systematic Reviews},
	volume = {2021},
	number = {9},
	doi = {10.1002/14651858.cd011777},
	url = {http://dx.doi.org/10.1002/14651858.CD011777},
	langid = {en}
}

@article{Cassidy2018,
	title = {Risk Factors for Suicidality in Patients With Schizophrenia: A Systematic Review, Meta-analysis, and Meta-regression of 96 Studies},
	author = {Cassidy, Ryan Michael and Yang, Fang and Kapczinski, {Flávio} and Passos, Ives Cavalcante},
	year = {2017},
	month = {09},
	date = {2017-09-23},
	journal = {Schizophrenia Bulletin},
	pages = {787--797},
	volume = {44},
	number = {4},
	doi = {10.1093/schbul/sbx131},
	url = {http://dx.doi.org/10.1093/schbul/sbx131},
	langid = {en}
}

@article{Wong2013,
	title = {Command hallucinations and clinical characteristics of suicidality in patients with psychotic spectrum disorders},
	author = {Wong, Zerlina and {Öngür}, Dost and Cohen, Bruce and Ravichandran, Caitlin and Noam, Gil and Murphy, Beth},
	year = {2013},
	month = {08},
	date = {2013-08},
	journal = {Comprehensive Psychiatry},
	pages = {611--617},
	volume = {54},
	number = {6},
	doi = {10.1016/j.comppsych.2012.12.022},
	url = {http://dx.doi.org/10.1016/j.comppsych.2012.12.022},
	langid = {en}
}

@article{freeman2019,
	title = {Suicidal ideation and behaviour in patients with persecutory delusions: Prevalence, symptom associations, and psychological correlates},
	author = {Freeman, Daniel and Bold, Emily and Chadwick, Eleanor and Taylor, Kathryn M. and Collett, Nicola and Diamond, Rowan and {{\v{C}}ernis}, Emma and Bird, Jessica C. and Isham, Louise and Forkert, Ava and Carr, Lydia and Causier, Chiara and Waite, Felicity},
	year = {2019},
	month = {08},
	date = {2019-08},
	journal = {Comprehensive Psychiatry},
	pages = {41--47},
	volume = {93},
	doi = {10.1016/j.comppsych.2019.07.001},
	url = {http://dx.doi.org/10.1016/j.comppsych.2019.07.001},
	langid = {en}
}

@article{Virkkunen1976,
	title = {Attitude to Psychiatric Treatment Before Suicide in Schizophrenia and Paranoid Psychoses},
	author = {Virkkunen, Matti},
	year = {1976},
	month = {01},
	date = {1976-01},
	journal = {British Journal of Psychiatry},
	pages = {47--49},
	volume = {128},
	number = {1},
	doi = {10.1192/bjp.128.1.47},
	url = {http://dx.doi.org/10.1192/bjp.128.1.47},
	langid = {en}
}

@article{Tiihonen2006,
	title = {Effectiveness of antipsychotic treatments in a nationwide cohort of patients in community care after first hospitalisation due to schizophrenia and schizoaffective disorder: observational follow-up study},
	author = {Tiihonen, Jari and Walhbeck, Kristian and {Lönnqvist}, Jouko and Klaukka, Timo and Ioannidis, John P A and Volavka, Jan and Haukka, Jari},
	year = {2006},
	month = {07},
	date = {2006-07-06},
	journal = {BMJ},
	pages = {224},
	volume = {333},
	number = {7561},
	doi = {10.1136/bmj.38881.382755.2f},
	url = {http://dx.doi.org/10.1136/bmj.38881.382755.2F},
	langid = {en}
}

@article{Haukka2008,
	title = {Association between medication and risk of suicide, attempted suicide and death in nationwide cohort of suicidal patients with schizophrenia},
	author = {Haukka, Jari and Tiihonen, Jari and {Härkänen}, Tommi and {Lönnqvist}, Jouko},
	year = {2008},
	month = {07},
	date = {2008-07},
	journal = {Pharmacoepidemiology and Drug Safety},
	pages = {686--696},
	volume = {17},
	number = {7},
	doi = {10.1002/pds.1579},
	url = {http://dx.doi.org/10.1002/pds.1579},
	langid = {en}
}

@misc{choi2020,
	title = {Antipsychotic Discontinuation and Suicide in Schizophrenia Patients A Nested Case-Control Study},
	author = {Choi, Young and Park, Eun-Cheol},
	year = {2020},
	month = {09},
	date = {2020-09-02},
	url = {http://dx.doi.org/10.21203/rs.3.rs-60833/v1}
}

@article{Walker1997,
	title = {Mortality in Current and Former Users of Clozapine},
	author = {Walker, Alexander M. and Lanza, Lee L. and Arellano, Felix and Rothman, Kenneth J.},
	year = {1997},
	month = {11},
	date = {1997-11},
	journal = {Epidemiology},
	pages = {671},
	volume = {8},
	number = {6},
	doi = {10.1097/00001648-199710000-00010},
	url = {http://dx.doi.org/10.1097/00001648-199710000-00010},
	langid = {en}
}

@article{meltzer2003,
	title = {Clozapine Treatment for Suicidality in Schizophrenia<subtitle>International Suicide Prevention Trial (InterSePT)</subtitle>},
	author = {Meltzer, Herbert Y.},
	year = {2003},
	month = {01},
	date = {2003-01-01},
	journal = {Archives of General Psychiatry},
	pages = {82},
	volume = {60},
	number = {1},
	doi = {10.1001/archpsyc.60.1.82},
	url = {http://dx.doi.org/10.1001/archpsyc.60.1.82},
	langid = {en}
}

@article{Tiihonen2009,
	title = {11-year follow-up of mortality in patients with schizophrenia: a population-based cohort study (FIN11 study)},
	author = {Tiihonen, Jari and {Lönnqvist}, Jouko and Wahlbeck, Kristian and Klaukka, Timo and Niskanen, Leo and Tanskanen, Antti and Haukka, Jari},
	year = {2009},
	month = {08},
	date = {2009-08},
	journal = {The Lancet},
	pages = {620--627},
	volume = {374},
	number = {9690},
	doi = {10.1016/s0140-6736(09)60742-x},
	url = {http://dx.doi.org/10.1016/S0140-6736(09)60742-X},
	langid = {en}
}

@article{Taipale2021,
	title = {Comparative Effectiveness of Antipsychotics for Risk of Attempted or Completed Suicide Among Persons With Schizophrenia},
	author = {Taipale, Heidi and {Lähteenvuo}, Markku and Tanskanen, Antti and Mittendorfer-Rutz, Ellenor and Tiihonen, Jari},
	year = {2020},
	month = {08},
	date = {2020-08-15},
	journal = {Schizophrenia Bulletin},
	pages = {23--30},
	volume = {47},
	number = {1},
	doi = {10.1093/schbul/sbaa111},
	url = {http://dx.doi.org/10.1093/schbul/sbaa111},
	langid = {en}
}

@article{Tondo2006,
	title = {Suicide Rates in Relation to Health Care Access in the United States},
	author = {Tondo, Leonardo and Albert, Matthew J. and Baldessarini, Ross J.},
	year = {2006},
	month = {04},
	date = {2006-04-15},
	journal = {The Journal of Clinical Psychiatry},
	pages = {517--523},
	volume = {67},
	number = {04},
	doi = {10.4088/jcp.v67n0402},
	url = {http://dx.doi.org/10.4088/jcp.v67n0402}
}

@article{De2010,
	title = {Do antipsychotic medications reduce or increase mortality in schizophrenia? A critical appraisal of the FIN-11 study},
	author = {De Hert, Marc and Correll, Christoph U. and Cohen, Dan},
	year = {2010},
	month = {03},
	date = {2010-03},
	journal = {Schizophrenia Research},
	pages = {68--74},
	volume = {117},
	number = {1},
	doi = {10.1016/j.schres.2009.12.029},
	url = {http://dx.doi.org/10.1016/j.schres.2009.12.029},
	langid = {en}
}

@article{Forsman2019,
	title = {Adherence to psychotropic medication in completed suicide in Sweden 2006{\textendash}2013: a forensic-toxicological matched case-control study},
	author = {Forsman, Jonas and Taipale, Heidi and Masterman, Thomas and Tiihonen, Jari and Tanskanen, Antti},
	year = {2019},
	month = {06},
	date = {2019-06-19},
	journal = {European Journal of Clinical Pharmacology},
	pages = {1421--1430},
	volume = {75},
	number = {10},
	doi = {10.1007/s00228-019-02707-z},
	url = {http://dx.doi.org/10.1007/s00228-019-02707-z},
	langid = {en}
}

@article{Díaz-Fernández2020,
	title = {Suicide attempts in people with schizophrenia before and after participating in an intensive case managed community program: A 20-year follow-up},
	author = {{Díaz-Fernández}, Sylvia and {Frías-Ortiz}, Danny F and {Fernández-Miranda}, Juan J.},
	year = {2020},
	month = {05},
	date = {2020-05},
	journal = {Psychiatry Research},
	pages = {112479},
	volume = {287},
	doi = {10.1016/j.psychres.2019.112479},
	url = {http://dx.doi.org/10.1016/j.psychres.2019.112479},
	langid = {en}
}

@article{Huang2021,
	title = {Comparison of Long-Acting Injectable Antipsychotics With Oral Antipsychotics and Suicide and All-Cause Mortality in Patients With Newly Diagnosed Schizophrenia},
	author = {Huang, Cheng-Yi and Fang, Su-Chen and Shao, Yu-Hsuan Joni},
	year = {2021},
	month = {05},
	date = {2021-05-11},
	journal = {JAMA Network Open},
	pages = {e218810},
	volume = {4},
	number = {5},
	doi = {10.1001/jamanetworkopen.2021.8810},
	url = {http://dx.doi.org/10.1001/jamanetworkopen.2021.8810},
	langid = {en}
}

@article{Hengartner2021,
	title = {Suicide risk with selective serotonin reuptake inhibitors and other
                  new-generation antidepressants in adults: a systematic review and meta-analysis of
                  observational studies},
	author = {Hengartner, Michael P and Amendola, Simone and Kaminski, Jakob A and Kindler, Simone and Bschor, Tom and {Plöderl}, Martin},
	year = {2021},
	month = {03},
	date = {2021-03-08},
	journal = {Journal of Epidemiology and Community Health},
	pages = {523--530},
	volume = {75},
	number = {6},
	doi = {10.1136/jech-2020-214611},
	url = {http://dx.doi.org/10.1136/jech-2020-214611},
	langid = {en}
}

@article{Zisook2010,
	title = {Augmentation With Citalopram for Suicidal Ideation in Middle-Aged and Older Outpatients With Schizophrenia and Schizoaffective Disorder Who Have Subthreshold Depressive Symptoms},
	author = {Zisook, Sidney and Kasckow, John W. and Lanouette, Nicole M. and Golshan, Shahrokh and Fellows, Ian and Vahia, Ipsit and Mohamed, Somaia and Rao, Sanjai},
	year = {2010},
	month = {03},
	date = {2010-03-09},
	journal = {The Journal of Clinical Psychiatry},
	pages = {915--922},
	volume = {71},
	number = {07},
	doi = {10.4088/jcp.09m05699gre},
	url = {http://dx.doi.org/10.4088/JCP.09m05699gre}
}

@article{grunebaum2018,
	title = {Ketamine for Rapid Reduction of Suicidal Thoughts in Major Depression: A Midazolam-Controlled Randomized Clinical Trial},
	author = {Grunebaum, Michael F. and Galfalvy, Hanga C. and Choo, Tse-Hwei and Keilp, John G. and Moitra, Vivek K. and Parris, Michelle S. and Marver, Julia E. and Burke, Ainsley K. and Milak, Matthew S. and Sublette, M. Elizabeth and Oquendo, Maria A. and Mann, J. John},
	year = {2018},
	month = {04},
	date = {2018-04},
	journal = {American Journal of Psychiatry},
	pages = {327--335},
	volume = {175},
	number = {4},
	doi = {10.1176/appi.ajp.2017.17060647},
	url = {http://dx.doi.org/10.1176/appi.ajp.2017.17060647},
	langid = {en}
}

@article{bartova2018,
	title = {Rapid antidepressant effect of S-ketamine in schizophrenia},
	author = {Bartova, Lucie and Papageorgiou, Konstantinos and Milenkovic, Ivan and Dold, Markus and Weidenauer, Ana and Willeit, Matthaeus and Winkler, Dietmar and Kasper, Siegfried},
	year = {2018},
	month = {08},
	date = {2018-08},
	journal = {European Neuropsychopharmacology},
	pages = {980--982},
	volume = {28},
	number = {8},
	doi = {10.1016/j.euroneuro.2018.05.007},
	url = {http://dx.doi.org/10.1016/j.euroneuro.2018.05.007},
	langid = {en}
}

@article{coyle1996,
	title = {The Glutamatergic Dysfunction Hypothesis for Schizophrenia},
	author = {Coyle, Joseph T.},
	year = {1996},
	month = {01},
	date = {1996-01},
	journal = {Harvard Review of Psychiatry},
	pages = {241--253},
	volume = {3},
	number = {5},
	doi = {10.3109/10673229609017192},
	url = {http://dx.doi.org/10.3109/10673229609017192},
	langid = {en}
}

@article{beck2020,
	title = {Association of Ketamine With Psychiatric Symptoms and Implications for Its Therapeutic Use and for Understanding Schizophrenia},
	author = {Beck, Katherine and Hindley, Guy and Borgan, Faith and Ginestet, Cedric and McCutcheon, Robert and Brugger, Stefan and Driesen, Naomi and Ranganathan, Mohini and {D{\textquoteright}Souza}, Deepak Cyril and Taylor, Matthew and Krystal, John H. and Howes, Oliver D.},
	year = {2020},
	month = {05},
	date = {2020-05-21},
	journal = {JAMA Network Open},
	pages = {e204693},
	volume = {3},
	number = {5},
	doi = {10.1001/jamanetworkopen.2020.4693},
	url = {http://dx.doi.org/10.1001/jamanetworkopen.2020.4693},
	langid = {en}
}

@article{Cipriani2013,
	title = {Lithium in the prevention of suicide in mood disorders: updated systematic review and meta-analysis},
	author = {Cipriani, A. and Hawton, K. and Stockton, S. and Geddes, J. R.},
	year = {2013},
	month = {06},
	date = {2013-06-27},
	journal = {BMJ},
	pages = {f3646--f3646},
	volume = {346},
	number = {jun27 4},
	doi = {10.1136/bmj.f3646},
	url = {http://dx.doi.org/10.1136/bmj.f3646},
	langid = {en}
}

@article{Nabi2022,
	title = {Effects of lithium on suicide and suicidal behaviour: a systematic review and meta-analysis of randomised trials},
	author = {Nabi, Zainab and Stansfeld, Jacki and {Plöderl}, Martin and Wood, Lisa and Moncrieff, Joanna},
	year = {2022},
	date = {2022},
	journal = {Epidemiology and Psychiatric Sciences},
	volume = {31},
	doi = {10.1017/s204579602200049x},
	url = {http://dx.doi.org/10.1017/S204579602200049X},
	langid = {en}
}

@article{Del2020,
	title = {Lithium and suicide prevention in mood disorders and in the general population: A systematic review},
	author = {Del Matto, L. and Muscas, M. and Murru, A. and Verdolini, N. and Anmella, G. and Fico, G. and Corponi, F. and Carvalho, A.F. and Samalin, L. and Carpiniello, B. and Fagiolini, A. and Vieta, E. and Pacchiarotti, I.},
	year = {2020},
	month = {09},
	date = {2020-09},
	journal = {Neuroscience & Biobehavioral Reviews},
	pages = {142--153},
	volume = {116},
	doi = {10.1016/j.neubiorev.2020.06.017},
	url = {http://dx.doi.org/10.1016/j.neubiorev.2020.06.017},
	langid = {en}
}

@article{Tondo2018,
	title = {Antisuicidal Effects in Mood Disorders: Are They Unique to Lithium?},
	author = {Tondo, Leonardo and Baldessarini, Ross},
	year = {2018},
	month = {04},
	date = {2018-04-19},
	journal = {Pharmacopsychiatry},
	pages = {177--188},
	volume = {51},
	number = {05},
	doi = {10.1055/a-0596-7853},
	url = {http://dx.doi.org/10.1055/a-0596-7853},
	langid = {en}
}

@article{Smith2017,
	title = {Lithium and suicide in mood disorders: Updated meta-review of the scientific literature},
	author = {Smith, Katharine A and Cipriani, Andrea},
	year = {2017},
	month = {09},
	date = {2017-09-12},
	journal = {Bipolar Disorders},
	pages = {575--586},
	volume = {19},
	number = {7},
	doi = {10.1111/bdi.12543},
	url = {http://dx.doi.org/10.1111/bdi.12543},
	langid = {en}
}

@article{baldessarini2006,
	title = {Decreased risk of suicides and attempts during long-term lithium treatment: a meta-analytic review},
	author = {Baldessarini, Ross J and Tondo, Leonardo and Davis, Paula and Pompili, Maurizio and Goodwin, Frederick K and Hennen, John},
	year = {2006},
	month = {10},
	date = {2006-10},
	journal = {Bipolar Disorders},
	pages = {625--639},
	volume = {8},
	number = {5p2},
	doi = {10.1111/j.1399-5618.2006.00344.x},
	url = {http://dx.doi.org/10.1111/j.1399-5618.2006.00344.x},
	langid = {en}
}

@article{Baldessarini2009,
	title = {Suicidal Risks during Treatment of Bipolar Disorder Patients with Lithium versus Anticonvulsants},
	author = {Baldessarini, R. and Tondo, L.},
	year = {2009},
	month = {03},
	date = {2009-03},
	journal = {Pharmacopsychiatry},
	pages = {72--75},
	volume = {42},
	number = {02},
	doi = {10.1055/s-0028-1103291},
	url = {http://dx.doi.org/10.1055/s-0028-1103291},
	langid = {en}
}

@article{Milev2016,
	title = {Canadian Network for Mood and Anxiety Treatments (CANMAT) 2016 Clinical Guidelines for the Management of Adults with Major Depressive Disorder},
	author = {Milev, Roumen V. and Giacobbe, Peter and Kennedy, Sidney H. and Blumberger, Daniel M. and Daskalakis, Zafiris J. and Downar, Jonathan and Modirrousta, Mandana and Patry, Simon and Vila-Rodriguez, Fidel and Lam, Raymond W. and MacQueen, Glenda M. and Parikh, Sagar V. and Ravindran, Arun V. and , },
	year = {2016},
	month = {08},
	date = {2016-08-11},
	journal = {The Canadian Journal of Psychiatry},
	pages = {561--575},
	volume = {61},
	number = {9},
	doi = {10.1177/0706743716660033},
	url = {http://dx.doi.org/10.1177/0706743716660033},
	langid = {en}
}

@article{Kobeissi2011,
	title = {Resolution of Severe Suicidality With a Single Electroconvulsive Therapy},
	author = {Kobeissi, Jamal and Aloysi, Amy and Tobias, Kristen and Popeo, Dennis and Kellner, Charles H.},
	year = {2011},
	month = {03},
	date = {2011-03},
	journal = {The Journal of ECT},
	pages = {86--88},
	volume = {27},
	number = {1},
	doi = {10.1097/yct.0b013e3181da842a},
	url = {http://dx.doi.org/10.1097/YCT.0b013e3181da842a},
	langid = {en}
}

@article{tor2020,
	title = {Relief of expressed suicidality in schizophrenia after electroconvulsive therapy: A naturalistic cohort study},
	author = {Tor, Phern-Chern and Bin Abdin, Edimansyah and Hadzi-Pavlovic, Dusan and Loo, Colleen},
	year = {2020},
	month = {02},
	date = {2020-02},
	journal = {Psychiatry Research},
	pages = {112759},
	volume = {284},
	doi = {10.1016/j.psychres.2020.112759},
	url = {http://dx.doi.org/10.1016/j.psychres.2020.112759},
	langid = {en}
}
