
@article{hong2001,
	title = {외래치료명령제-정신질환자의 재활을 돕는 제도},
	volume = {6},
	issn = {1229-8166},
	url = {https://kmbase.medric.or.kr/Main.aspx?menu=01&d=KMBASE&m=VIEW&i=0897520010060010058},
	abstract = {의과학연구정보센터},
	language = {KOR},
	number = {1},
	urldate = {2022-09-30},
	journal = {사회정신의학},
	author = {홍진표 and 이동은 and 김병후 and 최용성 and 서동우 and 김진학 and 박종익 and 정은기},
	year = {2001},
	note = {Publisher: 대한사회정신의학회},
	pages = {58--64},
	file = {Snapshot:/Users/anselm/Zotero/storage/JMAG8243/Main.html:text/html},
}
